{
    "symbol": "ASML",
    "annualReports": [
        {
            "fiscalDateEnding": "2023-12-31",
            "reportedCurrency": "EUR",
            "grossProfit": "14136100000",
            "totalRevenue": "27558500000",
            "costOfRevenue": "13422400000",
            "costofGoodsAndServicesSold": "13422400000",
            "operatingIncome": "9042300000",
            "sellingGeneralAndAdministrative": "1113200000",
            "researchAndDevelopment": "3980600000",
            "operatingExpenses": "5093800000",
            "investmentIncomeNet": "None",
            "netInterestIncome": "41200000",
            "interestIncome": "193900000",
            "interestExpense": "152700000",
            "nonInterestIncome": "None",
            "otherNonOperatingIncome": "None",
            "depreciation": "None",
            "depreciationAndAmortization": "786200000",
            "incomeBeforeTax": "9083500000",
            "incomeTaxExpense": "1435800000",
            "interestAndDebtExpense": "None",
            "netIncomeFromContinuingOperations": "7839000000",
            "comprehensiveIncomeNetOfTax": "None",
            "ebit": "9189800000",
            "ebitda": "9976000000",
            "netIncome": "7839000000"
        },
        {
            "fiscalDateEnding": "2022-12-31",
            "reportedCurrency": "EUR",
            "grossProfit": "10512700000",
            "totalRevenue": "21173400000",
            "costOfRevenue": "10660700000",
            "costofGoodsAndServicesSold": "10660700000",
            "operatingIncome": "7321000000",
            "sellingGeneralAndAdministrative": "945900000",
            "researchAndDevelopment": "2282100000",
            "operatingExpenses": "3191700000",
            "investmentIncomeNet": "None",
            "netInterestIncome": "-44600000",
            "interestIncome": "16200000",
            "interestExpense": "60800000",
            "nonInterestIncome": "None",
            "otherNonOperatingIncome": "None",
            "depreciation": "None",
            "depreciationAndAmortization": "640700000",
            "incomeBeforeTax": "7276400000",
            "incomeTaxExpense": "1018600000",
            "interestAndDebtExpense": "None",
            "netIncomeFromContinuingOperations": "5486200000",
            "comprehensiveIncomeNetOfTax": "None",
            "ebit": "7572400000",
            "ebitda": "8213100000",
            "netIncome": "5624200000"
        },
        {
            "fiscalDateEnding": "2021-12-31",
            "reportedCurrency": "EUR",
            "grossProfit": "9809000000",
            "totalRevenue": "18611000000",
            "costOfRevenue": "8802000000",
            "costofGoodsAndServicesSold": "8802000000",
            "operatingIncome": "6750100000",
            "sellingGeneralAndAdministrative": "725600000",
            "researchAndDevelopment": "2547000000",
            "operatingExpenses": "3272600000",
            "investmentIncomeNet": "None",
            "netInterestIncome": "-44600000",
            "interestIncome": "10000000",
            "interestExpense": "54600000",
            "nonInterestIncome": "None",
            "otherNonOperatingIncome": "None",
            "depreciation": "None",
            "depreciationAndAmortization": "454600000",
            "incomeBeforeTax": "6705500000",
            "incomeTaxExpense": "1021400000",
            "interestAndDebtExpense": "None",
            "netIncomeFromContinuingOperations": "5684100000",
            "comprehensiveIncomeNetOfTax": "None",
            "ebit": "6552800000",
            "ebitda": "7007400000",
            "netIncome": "5883200000"
        },
        {
            "fiscalDateEnding": "2020-12-31",
            "reportedCurrency": "EUR",
            "grossProfit": "6797200000",
            "totalRevenue": "13978500000",
            "costOfRevenue": "7181300000",
            "costofGoodsAndServicesSold": "7181300000",
            "operatingIncome": "4051500000",
            "sellingGeneralAndAdministrative": "544900000",
            "researchAndDevelopment": "2200800000",
            "operatingExpenses": "2745700000",
            "investmentIncomeNet": "None",
            "netInterestIncome": "-34900000",
            "interestIncome": "8400000",
            "interestExpense": "43400000",
            "nonInterestIncome": "None",
            "otherNonOperatingIncome": "None",
            "depreciation": "None",
            "depreciationAndAmortization": "475200000",
            "incomeBeforeTax": "4016600000",
            "incomeTaxExpense": "551500000",
            "interestAndDebtExpense": "None",
            "netIncomeFromContinuingOperations": "3465100000",
            "comprehensiveIncomeNetOfTax": "None",
            "ebit": "4067100000",
            "ebitda": "4542300000",
            "netIncome": "3553700000"
        },
        {
            "fiscalDateEnding": "2019-12-31",
            "reportedCurrency": "EUR",
            "grossProfit": "4900100000",
            "totalRevenue": "11820000000",
            "costOfRevenue": "6919900000",
            "costofGoodsAndServicesSold": "6919900000",
            "operatingIncome": "2716700000",
            "sellingGeneralAndAdministrative": "520500000",
            "researchAndDevelopment": "1662900000",
            "operatingExpenses": "2183400000",
            "investmentIncomeNet": "None",
            "netInterestIncome": "-25000000",
            "interestIncome": "11600000",
            "interestExpense": "36600000",
            "nonInterestIncome": "None",
            "otherNonOperatingIncome": "0",
            "depreciation": "None",
            "depreciationAndAmortization": "171860",
            "incomeBeforeTax": "2691700000",
            "incomeTaxExpense": "128800000",
            "interestAndDebtExpense": "None",
            "netIncomeFromContinuingOperations": "2574100000",
            "comprehensiveIncomeNetOfTax": "None",
            "ebit": "3556428140",
            "ebitda": "3556600000",
            "netIncome": "2581100000"
        },
        {
            "fiscalDateEnding": "2018-12-31",
            "reportedCurrency": "EUR",
            "grossProfit": "4718300000",
            "totalRevenue": "10944000000",
            "costOfRevenue": "6225700000",
            "costofGoodsAndServicesSold": "6225700000",
            "operatingIncome": "2883300000",
            "sellingGeneralAndAdministrative": "488000000",
            "researchAndDevelopment": "1347000000",
            "operatingExpenses": "1835000000",
            "investmentIncomeNet": "None",
            "netInterestIncome": "-28300000",
            "interestIncome": "13500000",
            "interestExpense": "41800000",
            "nonInterestIncome": "None",
            "otherNonOperatingIncome": "0",
            "depreciation": "None",
            "depreciationAndAmortization": "161141",
            "incomeBeforeTax": "2855000000",
            "incomeTaxExpense": "335700000",
            "interestAndDebtExpense": "None",
            "netIncomeFromContinuingOperations": "2585400000",
            "comprehensiveIncomeNetOfTax": "None",
            "ebit": "3630138859",
            "ebitda": "3630300000",
            "netIncome": "2519300000"
        },
        {
            "fiscalDateEnding": "2017-12-31",
            "reportedCurrency": "EUR",
            "grossProfit": "4076700000",
            "totalRevenue": "9052800000",
            "costOfRevenue": "4976100000",
            "costofGoodsAndServicesSold": "4976100000",
            "operatingIncome": "2496200000",
            "sellingGeneralAndAdministrative": "416000000",
            "researchAndDevelopment": "1259700000",
            "operatingExpenses": "1676300000",
            "investmentIncomeNet": "None",
            "netInterestIncome": "-50300000",
            "interestIncome": "50300000",
            "interestExpense": "50300000",
            "nonInterestIncome": "None",
            "otherNonOperatingIncome": "0",
            "depreciation": "None",
            "depreciationAndAmortization": "52516",
            "incomeBeforeTax": "2445900000",
            "incomeTaxExpense": "310700000",
            "interestAndDebtExpense": "None",
            "netIncomeFromContinuingOperations": "2135200000",
            "comprehensiveIncomeNetOfTax": "None",
            "ebit": "2817847484",
            "ebitda": "2817900000",
            "netIncome": "2135200000"
        },
        {
            "fiscalDateEnding": "2016-12-31",
            "reportedCurrency": "EUR",
            "grossProfit": "3044500000",
            "totalRevenue": "6794800000",
            "costOfRevenue": "3750300000",
            "costofGoodsAndServicesSold": "3750300000",
            "operatingIncome": "1657700000",
            "sellingGeneralAndAdministrative": "374760000",
            "researchAndDevelopment": "1105800000",
            "operatingExpenses": "1480600000",
            "investmentIncomeNet": "None",
            "netInterestIncome": "33644000",
            "interestIncome": "33700000",
            "interestExpense": "33644000",
            "nonInterestIncome": "None",
            "otherNonOperatingIncome": "0",
            "depreciation": "None",
            "depreciationAndAmortization": "22816",
            "incomeBeforeTax": "1691400000",
            "incomeTaxExpense": "219500000",
            "interestAndDebtExpense": "None",
            "netIncomeFromContinuingOperations": "1471894000",
            "comprehensiveIncomeNetOfTax": "None",
            "ebit": "1920777184",
            "ebitda": "1920800000",
            "netIncome": "1471900000"
        },
        {
            "fiscalDateEnding": "2015-12-31",
            "reportedCurrency": "EUR",
            "grossProfit": "2895700000",
            "totalRevenue": "6287400000",
            "costOfRevenue": "3391700000",
            "costofGoodsAndServicesSold": "3391700000",
            "operatingIncome": "1565100000",
            "sellingGeneralAndAdministrative": "345732000",
            "researchAndDevelopment": "1068100000",
            "operatingExpenses": "1413800000",
            "investmentIncomeNet": "None",
            "netInterestIncome": "None",
            "interestIncome": "16500000",
            "interestExpense": "16515000",
            "nonInterestIncome": "None",
            "otherNonOperatingIncome": "0",
            "depreciation": "None",
            "depreciationAndAmortization": "296900000",
            "incomeBeforeTax": "1548600000",
            "incomeTaxExpense": "161400000",
            "interestAndDebtExpense": "None",
            "netIncomeFromContinuingOperations": "2074364256.55",
            "comprehensiveIncomeNetOfTax": "None",
            "ebit": "1481900000",
            "ebitda": "1778800000",
            "netIncome": "1387200000"
        },
        {
            "fiscalDateEnding": "2014-12-31",
            "reportedCurrency": "EUR",
            "grossProfit": "2497370000",
            "totalRevenue": "5856277000",
            "costOfRevenue": "3358907000",
            "costofGoodsAndServicesSold": "3358907000",
            "operatingIncome": "1523757000",
            "sellingGeneralAndAdministrative": "321110000",
            "researchAndDevelopment": "735947000",
            "operatingExpenses": "1054619000",
            "investmentIncomeNet": "None",
            "netInterestIncome": "None",
            "interestIncome": "None",
            "interestExpense": "11913000",
            "nonInterestIncome": "None",
            "otherNonOperatingIncome": "None",
            "depreciation": "None",
            "depreciationAndAmortization": "353059000",
            "incomeBeforeTax": "1526370000",
            "incomeTaxExpense": "108050000",
            "interestAndDebtExpense": "None",
            "netIncomeFromContinuingOperations": "1418320000",
            "comprehensiveIncomeNetOfTax": "None",
            "ebit": "1538283000",
            "ebitda": "1891342000",
            "netIncome": "1418320000"
        },
        {
            "fiscalDateEnding": "2013-12-31",
            "reportedCurrency": "EUR",
            "grossProfit": "2085980000",
            "totalRevenue": "5245326000",
            "costOfRevenue": "3159346000",
            "costofGoodsAndServicesSold": "3159346000",
            "operatingIncome": "1275136000",
            "sellingGeneralAndAdministrative": "311741000",
            "researchAndDevelopment": "563965000",
            "operatingExpenses": "875300000",
            "investmentIncomeNet": "None",
            "netInterestIncome": "None",
            "interestIncome": "None",
            "interestExpense": "28010000",
            "nonInterestIncome": "None",
            "otherNonOperatingIncome": "None",
            "depreciation": "None",
            "depreciationAndAmortization": "320924000",
            "incomeBeforeTax": "1256313000",
            "incomeTaxExpense": "62469000",
            "interestAndDebtExpense": "None",
            "netIncomeFromContinuingOperations": "None",
            "comprehensiveIncomeNetOfTax": "None",
            "ebit": "1284323000",
            "ebitda": "1605247000",
            "netIncome": "1193844000"
        },
        {
            "fiscalDateEnding": "2012-12-31",
            "reportedCurrency": "EUR",
            "grossProfit": "2005200000",
            "totalRevenue": "4731500000",
            "costOfRevenue": "2726300000",
            "costofGoodsAndServicesSold": "2726300000",
            "operatingIncome": "1156800000",
            "sellingGeneralAndAdministrative": "259301000",
            "researchAndDevelopment": "589100000",
            "operatingExpenses": "848400000",
            "investmentIncomeNet": "None",
            "netInterestIncome": "None",
            "interestIncome": "None",
            "interestExpense": "22781000",
            "nonInterestIncome": "None",
            "otherNonOperatingIncome": "None",
            "depreciation": "None",
            "depreciationAndAmortization": "186600000",
            "incomeBeforeTax": "1150600000",
            "incomeTaxExpense": "4300000",
            "interestAndDebtExpense": "None",
            "netIncomeFromContinuingOperations": "None",
            "comprehensiveIncomeNetOfTax": "None",
            "ebit": "1156800000",
            "ebitda": "1343400000",
            "netIncome": "1146300000"
        },
        {
            "fiscalDateEnding": "2011-12-31",
            "reportedCurrency": "EUR",
            "grossProfit": "2351742000",
            "totalRevenue": "5651035000",
            "costOfRevenue": "3299293000",
            "costofGoodsAndServicesSold": "3299293000",
            "operatingIncome": "1643503000",
            "sellingGeneralAndAdministrative": "217904000",
            "researchAndDevelopment": "492184000",
            "operatingExpenses": "708239000",
            "investmentIncomeNet": "None",
            "netInterestIncome": "None",
            "interestIncome": "None",
            "interestExpense": "26361000",
            "nonInterestIncome": "None",
            "otherNonOperatingIncome": "None",
            "depreciation": "None",
            "depreciationAndAmortization": "266124000",
            "incomeBeforeTax": "1660810000",
            "incomeTaxExpense": "166739000",
            "interestAndDebtExpense": "None",
            "netIncomeFromContinuingOperations": "None",
            "comprehensiveIncomeNetOfTax": "None",
            "ebit": "1687171000",
            "ebitda": "1953295000",
            "netIncome": "1494071000"
        },
        {
            "fiscalDateEnding": "2010-12-31",
            "reportedCurrency": "EUR",
            "grossProfit": "1955200000",
            "totalRevenue": "4507900000",
            "costOfRevenue": "2552700000",
            "costofGoodsAndServicesSold": "2552700000",
            "operatingIncome": "1250700000",
            "sellingGeneralAndAdministrative": "181045000",
            "researchAndDevelopment": "523400000",
            "operatingExpenses": "704500000",
            "investmentIncomeNet": "None",
            "netInterestIncome": "None",
            "interestIncome": "None",
            "interestExpense": "8200000",
            "nonInterestIncome": "None",
            "otherNonOperatingIncome": "None",
            "depreciation": "None",
            "depreciationAndAmortization": "151400000",
            "incomeBeforeTax": "1242500000",
            "incomeTaxExpense": "220700000",
            "interestAndDebtExpense": "None",
            "netIncomeFromContinuingOperations": "None",
            "comprehensiveIncomeNetOfTax": "None",
            "ebit": "1250700000",
            "ebitda": "1402100000",
            "netIncome": "1021800000"
        },
        {
            "fiscalDateEnding": "2009-12-31",
            "reportedCurrency": "EUR",
            "grossProfit": "458392000",
            "totalRevenue": "1596063000",
            "costOfRevenue": "1137671000",
            "costofGoodsAndServicesSold": "1137671000",
            "operatingIncome": "-165013000",
            "sellingGeneralAndAdministrative": "156644000",
            "researchAndDevelopment": "466761000",
            "operatingExpenses": "623405000",
            "investmentIncomeNet": "None",
            "netInterestIncome": "None",
            "interestIncome": "None",
            "interestExpense": "49303000",
            "nonInterestIncome": "None",
            "otherNonOperatingIncome": "None",
            "depreciation": "None",
            "depreciationAndAmortization": "140201000",
            "incomeBeforeTax": "-171550000",
            "incomeTaxExpense": "-20625000",
            "interestAndDebtExpense": "None",
            "netIncomeFromContinuingOperations": "None",
            "comprehensiveIncomeNetOfTax": "None",
            "ebit": "-165013000",
            "ebitda": "-24812000",
            "netIncome": "-150925000"
        },
        {
            "fiscalDateEnding": "2008-12-31",
            "reportedCurrency": "EUR",
            "grossProfit": "1017922261",
            "totalRevenue": "2960682847",
            "costOfRevenue": "1942760586",
            "costofGoodsAndServicesSold": "1942760586",
            "operatingIncome": "287726058",
            "sellingGeneralAndAdministrative": "212341000",
            "researchAndDevelopment": "539600486",
            "operatingExpenses": "730196201",
            "investmentIncomeNet": "None",
            "netInterestIncome": "None",
            "interestIncome": "None",
            "interestExpense": "0",
            "nonInterestIncome": "None",
            "otherNonOperatingIncome": "None",
            "depreciation": "None",
            "depreciationAndAmortization": "119472872",
            "incomeBeforeTax": "310378192",
            "incomeTaxExpense": "-12756281.72",
            "interestAndDebtExpense": "None",
            "netIncomeFromContinuingOperations": "None",
            "comprehensiveIncomeNetOfTax": "None",
            "ebit": "265477632",
            "ebitda": "384950504",
            "netIncome": "323134473"
        },
        {
            "fiscalDateEnding": "2007-12-31",
            "reportedCurrency": "EUR",
            "grossProfit": "1562802806",
            "totalRevenue": "3814681368",
            "costOfRevenue": "2251878562",
            "costofGoodsAndServicesSold": "2251878562",
            "operatingIncome": "826687341",
            "sellingGeneralAndAdministrative": "225668000",
            "researchAndDevelopment": "486907343",
            "operatingExpenses": "736115464",
            "investmentIncomeNet": "None",
            "netInterestIncome": "None",
            "interestIncome": "None",
            "interestExpense": "0",
            "nonInterestIncome": "None",
            "otherNonOperatingIncome": "None",
            "depreciation": "None",
            "depreciationAndAmortization": "126543015",
            "incomeBeforeTax": "860191405",
            "incomeTaxExpense": "171264482",
            "interestAndDebtExpense": "None",
            "netIncomeFromContinuingOperations": "None",
            "comprehensiveIncomeNetOfTax": "None",
            "ebit": "826687341",
            "ebitda": "953230356",
            "netIncome": "688926922"
        },
        {
            "fiscalDateEnding": "2006-12-31",
            "reportedCurrency": "EUR",
            "grossProfit": "1462016651",
            "totalRevenue": "3597101452",
            "costOfRevenue": "2135084801",
            "costofGoodsAndServicesSold": "2135084801",
            "operatingIncome": "870651729",
            "sellingGeneralAndAdministrative": "204799000",
            "researchAndDevelopment": "386566618",
            "operatingExpenses": "591364921",
            "investmentIncomeNet": "None",
            "netInterestIncome": "None",
            "interestIncome": "None",
            "interestExpense": "0",
            "nonInterestIncome": "None",
            "otherNonOperatingIncome": "None",
            "depreciation": "None",
            "depreciationAndAmortization": "87091919",
            "incomeBeforeTax": "869797054",
            "incomeTaxExpense": "245108926",
            "interestAndDebtExpense": "None",
            "netIncomeFromContinuingOperations": "None",
            "comprehensiveIncomeNetOfTax": "None",
            "ebit": "870651729",
            "ebitda": "957743648",
            "netIncome": "624688885"
        },
        {
            "fiscalDateEnding": "2005-12-31",
            "reportedCurrency": "EUR",
            "grossProfit": "973454813",
            "totalRevenue": "2527046847",
            "costOfRevenue": "1553592034",
            "costofGoodsAndServicesSold": "1553592034",
            "operatingIncome": "448776094",
            "sellingGeneralAndAdministrative": "621797000",
            "researchAndDevelopment": "323628244",
            "operatingExpenses": "524679563",
            "investmentIncomeNet": "None",
            "netInterestIncome": "None",
            "interestIncome": "None",
            "interestExpense": "0",
            "nonInterestIncome": "None",
            "otherNonOperatingIncome": "None",
            "depreciation": "None",
            "depreciationAndAmortization": "90461906",
            "incomeBeforeTax": "434693003",
            "incomeTaxExpense": "123465139",
            "interestAndDebtExpense": "None",
            "netIncomeFromContinuingOperations": "None",
            "comprehensiveIncomeNetOfTax": "None",
            "ebit": "448775250",
            "ebitda": "539237156",
            "netIncome": "311227863"
        },
        {
            "fiscalDateEnding": "2004-12-31",
            "reportedCurrency": "EUR",
            "grossProfit": "904970333",
            "totalRevenue": "2463556128",
            "costOfRevenue": "1558585795",
            "costofGoodsAndServicesSold": "1558585795",
            "operatingIncome": "378633439",
            "sellingGeneralAndAdministrative": "275104000",
            "researchAndDevelopment": "330714484",
            "operatingExpenses": "532194809",
            "investmentIncomeNet": "None",
            "netInterestIncome": "None",
            "interestIncome": "None",
            "interestExpense": "0",
            "nonInterestIncome": "None",
            "otherNonOperatingIncome": "None",
            "depreciation": "None",
            "depreciationAndAmortization": "90148184",
            "incomeBeforeTax": "362571933",
            "incomeTaxExpense": "127285946",
            "interestAndDebtExpense": "None",
            "netIncomeFromContinuingOperations": "None",
            "comprehensiveIncomeNetOfTax": "None",
            "ebit": "366917606",
            "ebitda": "457065790",
            "netIncome": "235285986"
        }
    ],
    "quarterlyReports": [
        {
            "fiscalDateEnding": "2024-06-30",
            "reportedCurrency": "EUR",
            "grossProfit": "3212200000",
            "totalRevenue": "6242800000",
            "costOfRevenue": "3030600000",
            "costofGoodsAndServicesSold": "3030600000",
            "operatingIncome": "1834600000",
            "sellingGeneralAndAdministrative": "277000000",
            "researchAndDevelopment": "1100600000",
            "operatingExpenses": "1377600000",
            "investmentIncomeNet": "None",
            "netInterestIncome": "-11900000",
            "interestIncome": "None",
            "interestExpense": "11900000",
            "nonInterestIncome": "None",
            "otherNonOperatingIncome": "None",
            "depreciation": "None",
            "depreciationAndAmortization": "227500000",
            "incomeBeforeTax": "1822700000",
            "incomeTaxExpense": "291600000",
            "interestAndDebtExpense": "None",
            "netIncomeFromContinuingOperations": "1577900000",
            "comprehensiveIncomeNetOfTax": "None",
            "ebit": "1834600000",
            "ebitda": "2062100000",
            "netIncome": "1577900000"
        },
        {
            "fiscalDateEnding": "2024-03-31",
            "reportedCurrency": "EUR",
            "grossProfit": "2696600000",
            "totalRevenue": "5290000000",
            "costOfRevenue": "2593400000",
            "costofGoodsAndServicesSold": "2593400000",
            "operatingIncome": "1391400000",
            "sellingGeneralAndAdministrative": "281100000",
            "researchAndDevelopment": "1031900000",
            "operatingExpenses": "1305200000",
            "investmentIncomeNet": "None",
            "netInterestIncome": "16700000",
            "interestIncome": "16700000",
            "interestExpense": "None",
            "nonInterestIncome": "None",
            "otherNonOperatingIncome": "None",
            "depreciation": "None",
            "depreciationAndAmortization": "214400000",
            "incomeBeforeTax": "1417600000",
            "incomeTaxExpense": "224000000",
            "interestAndDebtExpense": "None",
            "netIncomeFromContinuingOperations": "1941700000",
            "comprehensiveIncomeNetOfTax": "None",
            "ebit": "1391400000",
            "ebitda": "1605800000",
            "netIncome": "1223800000"
        },
        {
            "fiscalDateEnding": "2023-12-31",
            "reportedCurrency": "EUR",
            "grossProfit": "3717300000",
            "totalRevenue": "7237000000",
            "costOfRevenue": "3519700000",
            "costofGoodsAndServicesSold": "3519700000",
            "operatingIncome": "2391900000",
            "sellingGeneralAndAdministrative": "284100000",
            "researchAndDevelopment": "1041300000",
            "operatingExpenses": "1325400000",
            "investmentIncomeNet": "None",
            "netInterestIncome": "5200000",
            "interestIncome": "None",
            "interestExpense": "None",
            "nonInterestIncome": "None",
            "otherNonOperatingIncome": "None",
            "depreciation": "None",
            "depreciationAndAmortization": "212100000",
            "incomeBeforeTax": "2397100000",
            "incomeTaxExpense": "385600000",
            "interestAndDebtExpense": "None",
            "netIncomeFromContinuingOperations": "2048100000",
            "comprehensiveIncomeNetOfTax": "None",
            "ebit": "2585800000",
            "ebitda": "2797900000",
            "netIncome": "2048100000"
        },
        {
            "fiscalDateEnding": "2023-09-30",
            "reportedCurrency": "EUR",
            "grossProfit": "3461600000",
            "totalRevenue": "6673000000",
            "costOfRevenue": "3211400000",
            "costofGoodsAndServicesSold": "3211400000",
            "operatingIncome": "2182400000",
            "sellingGeneralAndAdministrative": "287800000",
            "researchAndDevelopment": "991400000",
            "operatingExpenses": "1279200000",
            "investmentIncomeNet": "None",
            "netInterestIncome": "7100000",
            "interestIncome": "None",
            "interestExpense": "None",
            "nonInterestIncome": "None",
            "otherNonOperatingIncome": "None",
            "depreciation": "None",
            "depreciationAndAmortization": "176200000",
            "incomeBeforeTax": "2189500000",
            "incomeTaxExpense": "343700000",
            "interestAndDebtExpense": "None",
            "netIncomeFromContinuingOperations": "1893400000",
            "comprehensiveIncomeNetOfTax": "None",
            "ebit": "2182400000",
            "ebitda": "2358600000",
            "netIncome": "1893400000"
        },
        {
            "fiscalDateEnding": "2023-06-30",
            "reportedCurrency": "EUR",
            "grossProfit": "3544000000",
            "totalRevenue": "6902300000",
            "costOfRevenue": "3358300000",
            "costofGoodsAndServicesSold": "3358300000",
            "operatingIncome": "2263000000",
            "sellingGeneralAndAdministrative": "281100000",
            "researchAndDevelopment": "999900000",
            "operatingExpenses": "1281000000",
            "investmentIncomeNet": "None",
            "netInterestIncome": "16700000",
            "interestIncome": "None",
            "interestExpense": "16700000",
            "nonInterestIncome": "None",
            "otherNonOperatingIncome": "None",
            "depreciation": "None",
            "depreciationAndAmortization": "122085",
            "incomeBeforeTax": "2279700000",
            "incomeTaxExpense": "403900000",
            "interestAndDebtExpense": "None",
            "netIncomeFromContinuingOperations": "1875800000",
            "comprehensiveIncomeNetOfTax": "None",
            "ebit": "2444077915",
            "ebitda": "2444200000",
            "netIncome": "1941700000"
        },
        {
            "fiscalDateEnding": "2023-03-31",
            "reportedCurrency": "EUR",
            "grossProfit": "3413200000",
            "totalRevenue": "6746200000",
            "costOfRevenue": "3333000000",
            "costofGoodsAndServicesSold": "3333000000",
            "operatingIncome": "2205000000",
            "sellingGeneralAndAdministrative": "260300000",
            "researchAndDevelopment": "947900000",
            "operatingExpenses": "1208200000",
            "investmentIncomeNet": "None",
            "netInterestIncome": "12200000",
            "interestIncome": "12200000",
            "interestExpense": "12200000",
            "nonInterestIncome": "None",
            "otherNonOperatingIncome": "None",
            "depreciation": "None",
            "depreciationAndAmortization": "41584",
            "incomeBeforeTax": "2217200000",
            "incomeTaxExpense": "302600000",
            "interestAndDebtExpense": "None",
            "netIncomeFromContinuingOperations": "1914600000",
            "comprehensiveIncomeNetOfTax": "None",
            "ebit": "2375258416",
            "ebitda": "2375300000",
            "netIncome": "1955800000"
        },
        {
            "fiscalDateEnding": "2022-12-31",
            "reportedCurrency": "EUR",
            "grossProfit": "3310900000",
            "totalRevenue": "6430200000",
            "costOfRevenue": "3119300000",
            "costofGoodsAndServicesSold": "3119300000",
            "operatingIncome": "2124200000",
            "sellingGeneralAndAdministrative": "280400000",
            "researchAndDevelopment": "906300000",
            "operatingExpenses": "1186700000",
            "investmentIncomeNet": "None",
            "netInterestIncome": "-3100000",
            "interestIncome": "None",
            "interestExpense": "19300000",
            "nonInterestIncome": "None",
            "otherNonOperatingIncome": "None",
            "depreciation": "None",
            "depreciationAndAmortization": "54880",
            "incomeBeforeTax": "2121100000",
            "incomeTaxExpense": "357300000",
            "interestAndDebtExpense": "None",
            "netIncomeFromContinuingOperations": "1763800000",
            "comprehensiveIncomeNetOfTax": "None",
            "ebit": "2307345120",
            "ebitda": "2307400000",
            "netIncome": "1816500000"
        },
        {
            "fiscalDateEnding": "2022-09-30",
            "reportedCurrency": "EUR",
            "grossProfit": "2993700000",
            "totalRevenue": "5778300000",
            "costOfRevenue": "2784600000",
            "costofGoodsAndServicesSold": "2784600000",
            "operatingIncome": "1938500000",
            "sellingGeneralAndAdministrative": "207700000",
            "researchAndDevelopment": "819400000",
            "operatingExpenses": "1055200000",
            "investmentIncomeNet": "None",
            "netInterestIncome": "-15600000",
            "interestIncome": "None",
            "interestExpense": "15100000",
            "nonInterestIncome": "None",
            "otherNonOperatingIncome": "None",
            "depreciation": "None",
            "depreciationAndAmortization": "137900000",
            "incomeBeforeTax": "1923400000",
            "incomeTaxExpense": "252000000",
            "interestAndDebtExpense": "None",
            "netIncomeFromContinuingOperations": "654600000",
            "comprehensiveIncomeNetOfTax": "None",
            "ebit": "1938500000",
            "ebitda": "2076400000",
            "netIncome": "1731600000"
        },
        {
            "fiscalDateEnding": "2022-06-30",
            "reportedCurrency": "EUR",
            "grossProfit": "2664500000",
            "totalRevenue": "5430500000",
            "costOfRevenue": "2766000000",
            "costofGoodsAndServicesSold": "2766000000",
            "operatingIncome": "1653400000",
            "sellingGeneralAndAdministrative": "222000000",
            "researchAndDevelopment": "789100000",
            "operatingExpenses": "996600000",
            "investmentIncomeNet": "None",
            "netInterestIncome": "-10800000",
            "interestIncome": "None",
            "interestExpense": "10800000",
            "nonInterestIncome": "None",
            "otherNonOperatingIncome": "None",
            "depreciation": "None",
            "depreciationAndAmortization": "86065",
            "incomeBeforeTax": "1657100000",
            "incomeTaxExpense": "246200000",
            "interestAndDebtExpense": "None",
            "netIncomeFromContinuingOperations": "1396400000",
            "comprehensiveIncomeNetOfTax": "None",
            "ebit": "1784813935",
            "ebitda": "1784900000",
            "netIncome": "1425400000"
        },
        {
            "fiscalDateEnding": "2022-03-31",
            "reportedCurrency": "EUR",
            "grossProfit": "1731000000",
            "totalRevenue": "3534400000",
            "costOfRevenue": "1803400000",
            "costofGoodsAndServicesSold": "1803400000",
            "operatingIncome": "784600000",
            "sellingGeneralAndAdministrative": "207700000",
            "researchAndDevelopment": "738700000",
            "operatingExpenses": "946400000",
            "investmentIncomeNet": "None",
            "netInterestIncome": "-15600000",
            "interestIncome": "None",
            "interestExpense": "15600000",
            "nonInterestIncome": "None",
            "otherNonOperatingIncome": "None",
            "depreciation": "None",
            "depreciationAndAmortization": "60459",
            "incomeBeforeTax": "769000000",
            "incomeTaxExpense": "114400000",
            "interestAndDebtExpense": "None",
            "netIncomeFromContinuingOperations": "654600000",
            "comprehensiveIncomeNetOfTax": "None",
            "ebit": "915539541",
            "ebitda": "915600000",
            "netIncome": "736000000"
        },
        {
            "fiscalDateEnding": "2021-12-31",
            "reportedCurrency": "EUR",
            "grossProfit": "2700600000",
            "totalRevenue": "4985600000",
            "costOfRevenue": "2285000000",
            "costofGoodsAndServicesSold": "2285000000",
            "operatingIncome": "2031200000",
            "sellingGeneralAndAdministrative": "202500000",
            "researchAndDevelopment": "680600000",
            "operatingExpenses": "883100000",
            "investmentIncomeNet": "None",
            "netInterestIncome": "-12200000",
            "interestIncome": "None",
            "interestExpense": "12200000",
            "nonInterestIncome": "None",
            "otherNonOperatingIncome": "None",
            "depreciation": "None",
            "depreciationAndAmortization": "71391",
            "incomeBeforeTax": "2019000000",
            "incomeTaxExpense": "316000000",
            "interestAndDebtExpense": "None",
            "netIncomeFromContinuingOperations": "1703000000",
            "comprehensiveIncomeNetOfTax": "None",
            "ebit": "1941628609",
            "ebitda": "1941700000",
            "netIncome": "1843800000"
        },
        {
            "fiscalDateEnding": "2021-09-30",
            "reportedCurrency": "EUR",
            "grossProfit": "2711400000",
            "totalRevenue": "5241300000",
            "costOfRevenue": "2529900000",
            "costofGoodsAndServicesSold": "2529900000",
            "operatingIncome": "1919300000",
            "sellingGeneralAndAdministrative": "182900000",
            "researchAndDevelopment": "609200000",
            "operatingExpenses": "792100000",
            "investmentIncomeNet": "None",
            "netInterestIncome": "-10500000",
            "interestIncome": "None",
            "interestExpense": "10500000",
            "nonInterestIncome": "None",
            "otherNonOperatingIncome": "None",
            "depreciation": "None",
            "depreciationAndAmortization": "54000",
            "incomeBeforeTax": "1908800000",
            "incomeTaxExpense": "270900000",
            "interestAndDebtExpense": "None",
            "netIncomeFromContinuingOperations": "1637900000",
            "comprehensiveIncomeNetOfTax": "None",
            "ebit": "2035446000",
            "ebitda": "2035500000",
            "netIncome": "1842500000"
        },
        {
            "fiscalDateEnding": "2021-06-30",
            "reportedCurrency": "EUR",
            "grossProfit": "2044600000",
            "totalRevenue": "4020200000",
            "costOfRevenue": "1975600000",
            "costofGoodsAndServicesSold": "1975600000",
            "operatingIncome": "1239000000",
            "sellingGeneralAndAdministrative": "171800000",
            "researchAndDevelopment": "633800000",
            "operatingExpenses": "805600000",
            "investmentIncomeNet": "None",
            "netInterestIncome": "-9800000",
            "interestIncome": "None",
            "interestExpense": "9800000",
            "nonInterestIncome": "None",
            "otherNonOperatingIncome": "None",
            "depreciation": "None",
            "depreciationAndAmortization": "55806",
            "incomeBeforeTax": "1229200000",
            "incomeTaxExpense": "204200000",
            "interestAndDebtExpense": "None",
            "netIncomeFromContinuingOperations": "1025000000",
            "comprehensiveIncomeNetOfTax": "None",
            "ebit": "1351644194",
            "ebitda": "1351700000",
            "netIncome": "1051400000"
        },
        {
            "fiscalDateEnding": "2021-03-31",
            "reportedCurrency": "EUR",
            "grossProfit": "2352400000",
            "totalRevenue": "4363900000",
            "costOfRevenue": "2011500000",
            "costofGoodsAndServicesSold": "2011500000",
            "operatingIncome": "1560600000",
            "sellingGeneralAndAdministrative": "168400000",
            "researchAndDevelopment": "623400000",
            "operatingExpenses": "791800000",
            "investmentIncomeNet": "None",
            "netInterestIncome": "-12100000",
            "interestIncome": "None",
            "interestExpense": "12100000",
            "nonInterestIncome": "None",
            "otherNonOperatingIncome": "None",
            "depreciation": "None",
            "depreciationAndAmortization": "55213",
            "incomeBeforeTax": "1548500000",
            "incomeTaxExpense": "230300000",
            "interestAndDebtExpense": "None",
            "netIncomeFromContinuingOperations": "1318200000",
            "comprehensiveIncomeNetOfTax": "None",
            "ebit": "1678444787",
            "ebitda": "1678500000",
            "netIncome": "1344600000"
        },
        {
            "fiscalDateEnding": "2020-12-31",
            "reportedCurrency": "EUR",
            "grossProfit": "2211100000",
            "totalRevenue": "4254100000",
            "costOfRevenue": "2043000000",
            "costofGoodsAndServicesSold": "2043000000",
            "operatingIncome": "1503700000",
            "sellingGeneralAndAdministrative": "151500000",
            "researchAndDevelopment": "555900000",
            "operatingExpenses": "707400000",
            "investmentIncomeNet": "None",
            "netInterestIncome": "-8000000",
            "interestIncome": "None",
            "interestExpense": "8000000",
            "nonInterestIncome": "None",
            "otherNonOperatingIncome": "None",
            "depreciation": "None",
            "depreciationAndAmortization": "55131",
            "incomeBeforeTax": "1495700000",
            "incomeTaxExpense": "170200000",
            "interestAndDebtExpense": "None",
            "netIncomeFromContinuingOperations": "1325500000",
            "comprehensiveIncomeNetOfTax": "None",
            "ebit": "1629044869",
            "ebitda": "1629100000",
            "netIncome": "1375500000"
        },
        {
            "fiscalDateEnding": "2020-09-30",
            "reportedCurrency": "EUR",
            "grossProfit": "1881400000",
            "totalRevenue": "3958000000",
            "costOfRevenue": "2076600000",
            "costofGoodsAndServicesSold": "2076600000",
            "operatingIncome": "1215900000",
            "sellingGeneralAndAdministrative": "131500000",
            "researchAndDevelopment": "534000000",
            "operatingExpenses": "2076600000",
            "investmentIncomeNet": "None",
            "netInterestIncome": "-8400000",
            "interestIncome": "None",
            "interestExpense": "8400000",
            "nonInterestIncome": "None",
            "otherNonOperatingIncome": "None",
            "depreciation": "None",
            "depreciationAndAmortization": "122000000",
            "incomeBeforeTax": "1228000000",
            "incomeTaxExpense": "166500000",
            "interestAndDebtExpense": "None",
            "netIncomeFromContinuingOperations": "1041000000",
            "comprehensiveIncomeNetOfTax": "None",
            "ebit": "1236400000",
            "ebitda": "1358400000",
            "netIncome": "1061500000"
        },
        {
            "fiscalDateEnding": "2020-06-30",
            "reportedCurrency": "EUR",
            "grossProfit": "1603200000",
            "totalRevenue": "3325700000",
            "costOfRevenue": "1722500000",
            "costofGoodsAndServicesSold": "1722500000",
            "operatingIncome": "905100000",
            "sellingGeneralAndAdministrative": "131500000",
            "researchAndDevelopment": "566900000",
            "operatingExpenses": "698100000",
            "investmentIncomeNet": "None",
            "netInterestIncome": "-7100000",
            "interestIncome": "None",
            "interestExpense": "7100000",
            "nonInterestIncome": "None",
            "otherNonOperatingIncome": "None",
            "depreciation": "None",
            "depreciationAndAmortization": "51116",
            "incomeBeforeTax": "898000000",
            "incomeTaxExpense": "166400000",
            "interestAndDebtExpense": "None",
            "netIncomeFromContinuingOperations": "731600000",
            "comprehensiveIncomeNetOfTax": "None",
            "ebit": "1030148884",
            "ebitda": "1030200000",
            "netIncome": "770400000"
        },
        {
            "fiscalDateEnding": "2020-03-31",
            "reportedCurrency": "EUR",
            "grossProfit": "1101400000",
            "totalRevenue": "2440600000",
            "costOfRevenue": "1339200000",
            "costofGoodsAndServicesSold": "1339200000",
            "operatingIncome": "426700000",
            "sellingGeneralAndAdministrative": "130700000",
            "researchAndDevelopment": "544000000",
            "operatingExpenses": "674700000",
            "investmentIncomeNet": "None",
            "netInterestIncome": "-11400000",
            "interestIncome": "None",
            "interestExpense": "11400000",
            "nonInterestIncome": "None",
            "otherNonOperatingIncome": "0",
            "depreciation": "None",
            "depreciationAndAmortization": "47300",
            "incomeBeforeTax": "415300000",
            "incomeTaxExpense": "48500000",
            "interestAndDebtExpense": "None",
            "netIncomeFromContinuingOperations": "366800000",
            "comprehensiveIncomeNetOfTax": "None",
            "ebit": "544952700",
            "ebitda": "545000000",
            "netIncome": "414400000"
        },
        {
            "fiscalDateEnding": "2019-12-31",
            "reportedCurrency": "EUR",
            "grossProfit": "1940100000",
            "totalRevenue": "4036400000",
            "costOfRevenue": "2096300000",
            "costofGoodsAndServicesSold": "2096300000",
            "operatingIncome": "1276500000",
            "sellingGeneralAndAdministrative": "147600000",
            "researchAndDevelopment": "516100000",
            "operatingExpenses": "663700000",
            "investmentIncomeNet": "None",
            "netInterestIncome": "-4900000",
            "interestIncome": "4900000",
            "interestExpense": "4800000",
            "nonInterestIncome": "None",
            "otherNonOperatingIncome": "0",
            "depreciation": "None",
            "depreciationAndAmortization": "46467",
            "incomeBeforeTax": "1271700000",
            "incomeTaxExpense": "124500000",
            "interestAndDebtExpense": "None",
            "netIncomeFromContinuingOperations": "1147200000",
            "comprehensiveIncomeNetOfTax": "None",
            "ebit": "1399253533",
            "ebitda": "1399300000",
            "netIncome": "1121000000"
        },
        {
            "fiscalDateEnding": "2019-09-30",
            "reportedCurrency": "EUR",
            "grossProfit": "1306400000",
            "totalRevenue": "2986500000",
            "costOfRevenue": "1680100000",
            "costofGoodsAndServicesSold": "1680100000",
            "operatingIncome": "685600000",
            "sellingGeneralAndAdministrative": "128500000",
            "researchAndDevelopment": "492300000",
            "operatingExpenses": "620800000",
            "investmentIncomeNet": "None",
            "netInterestIncome": "-5400000",
            "interestIncome": "None",
            "interestExpense": "5400000",
            "nonInterestIncome": "None",
            "otherNonOperatingIncome": "0",
            "depreciation": "None",
            "depreciationAndAmortization": "44646",
            "incomeBeforeTax": "680200000",
            "incomeTaxExpense": "65000000",
            "interestAndDebtExpense": "None",
            "netIncomeFromContinuingOperations": "615200000",
            "comprehensiveIncomeNetOfTax": "None",
            "ebit": "797955354",
            "ebitda": "798000000",
            "netIncome": "638400000"
        },
        {
            "fiscalDateEnding": "2019-06-30",
            "reportedCurrency": "EUR",
            "grossProfit": "1105200000",
            "totalRevenue": "2567900000",
            "costOfRevenue": "1462700000",
            "costofGoodsAndServicesSold": "1462700000",
            "operatingIncome": "494300000",
            "sellingGeneralAndAdministrative": "123500000",
            "researchAndDevelopment": "487400000",
            "operatingExpenses": "610900000",
            "investmentIncomeNet": "None",
            "netInterestIncome": "-6900000",
            "interestIncome": "6900000",
            "interestExpense": "6900000",
            "nonInterestIncome": "None",
            "otherNonOperatingIncome": "0",
            "depreciation": "None",
            "depreciationAndAmortization": "40963",
            "incomeBeforeTax": "487400000",
            "incomeTaxExpense": "19100000",
            "interestAndDebtExpense": "None",
            "netIncomeFromContinuingOperations": "468300000",
            "comprehensiveIncomeNetOfTax": "None",
            "ebit": "602659037",
            "ebitda": "602700000",
            "netIncome": "483700000"
        },
        {
            "fiscalDateEnding": "2019-03-31",
            "reportedCurrency": "EUR",
            "grossProfit": "928000000",
            "totalRevenue": "2229100000",
            "costOfRevenue": "1301100000",
            "costofGoodsAndServicesSold": "1301100000",
            "operatingIncome": "334300000",
            "sellingGeneralAndAdministrative": "121000000",
            "researchAndDevelopment": "472700000",
            "operatingExpenses": "593700000",
            "investmentIncomeNet": "None",
            "netInterestIncome": "-7900000",
            "interestIncome": "None",
            "interestExpense": "7900000",
            "nonInterestIncome": "None",
            "otherNonOperatingIncome": "0",
            "depreciation": "None",
            "depreciationAndAmortization": "40374",
            "incomeBeforeTax": "326400000",
            "incomeTaxExpense": "-17000000",
            "interestAndDebtExpense": "None",
            "netIncomeFromContinuingOperations": "343400000",
            "comprehensiveIncomeNetOfTax": "None",
            "ebit": "439059626",
            "ebitda": "439100000",
            "netIncome": "367400000"
        },
        {
            "fiscalDateEnding": "2018-12-31",
            "reportedCurrency": "EUR",
            "grossProfit": "1392900000",
            "totalRevenue": "3142500000",
            "costOfRevenue": "1749600000",
            "costofGoodsAndServicesSold": "1749600000",
            "operatingIncome": "815900000",
            "sellingGeneralAndAdministrative": "134600000",
            "researchAndDevelopment": "442400000",
            "operatingExpenses": "577000000",
            "investmentIncomeNet": "None",
            "netInterestIncome": "None",
            "interestIncome": "None",
            "interestExpense": "7500000",
            "nonInterestIncome": "None",
            "otherNonOperatingIncome": "0",
            "depreciation": "None",
            "depreciationAndAmortization": "110400000",
            "incomeBeforeTax": "808400000",
            "incomeTaxExpense": "40100000",
            "interestAndDebtExpense": "None",
            "netIncomeFromContinuingOperations": "1188502141.01",
            "comprehensiveIncomeNetOfTax": "None",
            "ebit": "815900000",
            "ebitda": "926300000",
            "netIncome": "806700000"
        },
        {
            "fiscalDateEnding": "2018-09-30",
            "reportedCurrency": "EUR",
            "grossProfit": "1335900000",
            "totalRevenue": "2776100000",
            "costOfRevenue": "1440200000",
            "costofGoodsAndServicesSold": "1440200000",
            "operatingIncome": "817800000",
            "sellingGeneralAndAdministrative": "121800000",
            "researchAndDevelopment": "396300000",
            "operatingExpenses": "518100000",
            "investmentIncomeNet": "None",
            "netInterestIncome": "None",
            "interestIncome": "None",
            "interestExpense": "8100000",
            "nonInterestIncome": "None",
            "otherNonOperatingIncome": "0",
            "depreciation": "None",
            "depreciationAndAmortization": "110000000",
            "incomeBeforeTax": "809700000",
            "incomeTaxExpense": "129600000",
            "interestAndDebtExpense": "None",
            "netIncomeFromContinuingOperations": "787682333.87",
            "comprehensiveIncomeNetOfTax": "None",
            "ebit": "817800000",
            "ebitda": "927800000",
            "netIncome": "680700000"
        },
        {
            "fiscalDateEnding": "2018-06-30",
            "reportedCurrency": "EUR",
            "grossProfit": "1186900000",
            "totalRevenue": "2740400000",
            "costOfRevenue": "1553500000",
            "costofGoodsAndServicesSold": "1553500000",
            "operatingIncome": "689400000",
            "sellingGeneralAndAdministrative": "136638733.71",
            "researchAndDevelopment": "380100000",
            "operatingExpenses": "497500000",
            "investmentIncomeNet": "None",
            "netInterestIncome": "None",
            "interestIncome": "None",
            "interestExpense": "2200000",
            "nonInterestIncome": "None",
            "otherNonOperatingIncome": "None",
            "depreciation": "None",
            "depreciationAndAmortization": "99700000",
            "incomeBeforeTax": "687200000",
            "incomeTaxExpense": "107500000",
            "interestAndDebtExpense": "None",
            "netIncomeFromContinuingOperations": "632216014.90",
            "comprehensiveIncomeNetOfTax": "None",
            "ebit": "689400000",
            "ebitda": "789100000",
            "netIncome": "588300000"
        },
        {
            "fiscalDateEnding": "2018-03-31",
            "reportedCurrency": "EUR",
            "grossProfit": "1113500000",
            "totalRevenue": "2285000000",
            "costOfRevenue": "1171500000",
            "costofGoodsAndServicesSold": "1171500000",
            "operatingIncome": "642200000",
            "sellingGeneralAndAdministrative": "580641000",
            "researchAndDevelopment": "357100000",
            "operatingExpenses": "471300000",
            "investmentIncomeNet": "None",
            "netInterestIncome": "None",
            "interestIncome": "None",
            "interestExpense": "10500000",
            "nonInterestIncome": "None",
            "otherNonOperatingIncome": "None",
            "depreciation": "None",
            "depreciationAndAmortization": "102600000",
            "incomeBeforeTax": "631700000",
            "incomeTaxExpense": "74400000",
            "interestAndDebtExpense": "None",
            "netIncomeFromContinuingOperations": "580500000",
            "comprehensiveIncomeNetOfTax": "None",
            "ebit": "642200000",
            "ebitda": "744800000",
            "netIncome": "522100000"
        },
        {
            "fiscalDateEnding": "2017-12-31",
            "reportedCurrency": "EUR",
            "grossProfit": "1156100000",
            "totalRevenue": "2560400000",
            "costOfRevenue": "1404300000",
            "costofGoodsAndServicesSold": "1404300000",
            "operatingIncome": "750000000",
            "sellingGeneralAndAdministrative": "112700000",
            "researchAndDevelopment": "317400000",
            "operatingExpenses": "430100000",
            "investmentIncomeNet": "None",
            "netInterestIncome": "None",
            "interestIncome": "None",
            "interestExpense": "12900000",
            "nonInterestIncome": "None",
            "otherNonOperatingIncome": "None",
            "depreciation": "None",
            "depreciationAndAmortization": "102300000",
            "incomeBeforeTax": "737100000",
            "incomeTaxExpense": "77400000",
            "interestAndDebtExpense": "None",
            "netIncomeFromContinuingOperations": "1982202000",
            "comprehensiveIncomeNetOfTax": "None",
            "ebit": "726000000",
            "ebitda": "828300000",
            "netIncome": "643000000"
        },
        {
            "fiscalDateEnding": "2017-09-30",
            "reportedCurrency": "EUR",
            "grossProfit": "1049500000",
            "totalRevenue": "2447400000",
            "costOfRevenue": "1397900000",
            "costofGoodsAndServicesSold": "1397900000",
            "operatingIncome": "655600000",
            "sellingGeneralAndAdministrative": "103300000",
            "researchAndDevelopment": "314500000",
            "operatingExpenses": "417800000",
            "investmentIncomeNet": "None",
            "netInterestIncome": "None",
            "interestIncome": "None",
            "interestExpense": "12500000",
            "nonInterestIncome": "None",
            "otherNonOperatingIncome": "None",
            "depreciation": "None",
            "depreciationAndAmortization": "101200000",
            "incomeBeforeTax": "643100000",
            "incomeTaxExpense": "86000000",
            "interestAndDebtExpense": "None",
            "netIncomeFromContinuingOperations": "530697000",
            "comprehensiveIncomeNetOfTax": "None",
            "ebit": "631700000",
            "ebitda": "732900000",
            "netIncome": "557100000"
        },
        {
            "fiscalDateEnding": "2017-06-30",
            "reportedCurrency": "EUR",
            "grossProfit": "946500000",
            "totalRevenue": "2101400000",
            "costOfRevenue": "1154900000",
            "costofGoodsAndServicesSold": "1154900000",
            "operatingIncome": "555800000",
            "sellingGeneralAndAdministrative": "502711000",
            "researchAndDevelopment": "312700000",
            "operatingExpenses": "414700000",
            "investmentIncomeNet": "None",
            "netInterestIncome": "None",
            "interestIncome": "None",
            "interestExpense": "10800000",
            "nonInterestIncome": "None",
            "otherNonOperatingIncome": "None",
            "depreciation": "None",
            "depreciationAndAmortization": "103900000",
            "incomeBeforeTax": "545000000",
            "incomeTaxExpense": "78700000",
            "interestAndDebtExpense": "None",
            "netIncomeFromContinuingOperations": "-907099000",
            "comprehensiveIncomeNetOfTax": "None",
            "ebit": "531800000",
            "ebitda": "635700000",
            "netIncome": "466300000"
        },
        {
            "fiscalDateEnding": "2017-03-31",
            "reportedCurrency": "EUR",
            "grossProfit": "924600000",
            "totalRevenue": "1943600000",
            "costOfRevenue": "1019000000",
            "costofGoodsAndServicesSold": "1019000000",
            "operatingIncome": "534800000",
            "sellingGeneralAndAdministrative": "442576000",
            "researchAndDevelopment": "315100000",
            "operatingExpenses": "413700000",
            "investmentIncomeNet": "None",
            "netInterestIncome": "None",
            "interestIncome": "None",
            "interestExpense": "14100000",
            "nonInterestIncome": "None",
            "otherNonOperatingIncome": "None",
            "depreciation": "None",
            "depreciationAndAmortization": "110100000",
            "incomeBeforeTax": "520700000",
            "incomeTaxExpense": "68600000",
            "interestAndDebtExpense": "None",
            "netIncomeFromContinuingOperations": "460900000",
            "comprehensiveIncomeNetOfTax": "None",
            "ebit": "510900000",
            "ebitda": "621000000",
            "netIncome": "452100000"
        },
        {
            "fiscalDateEnding": "2016-12-31",
            "reportedCurrency": "EUR",
            "grossProfit": "900600000",
            "totalRevenue": "1907400000",
            "costOfRevenue": "1006800000",
            "costofGoodsAndServicesSold": "1006800000",
            "operatingIncome": "529900000",
            "sellingGeneralAndAdministrative": "106800000",
            "researchAndDevelopment": "287400000",
            "operatingExpenses": "394200000",
            "investmentIncomeNet": "None",
            "netInterestIncome": "None",
            "interestIncome": "None",
            "interestExpense": "74800000",
            "nonInterestIncome": "None",
            "otherNonOperatingIncome": "None",
            "depreciation": "None",
            "depreciationAndAmortization": "103100000",
            "incomeBeforeTax": "604700000",
            "incomeTaxExpense": "80500000",
            "interestAndDebtExpense": "None",
            "netIncomeFromContinuingOperations": "1557800000",
            "comprehensiveIncomeNetOfTax": "None",
            "ebit": "506400000",
            "ebitda": "609500000",
            "netIncome": "524200000"
        },
        {
            "fiscalDateEnding": "2016-09-30",
            "reportedCurrency": "EUR",
            "grossProfit": "834400000",
            "totalRevenue": "1814600000",
            "costOfRevenue": "980200000",
            "costofGoodsAndServicesSold": "980200000",
            "operatingIncome": "495600000",
            "sellingGeneralAndAdministrative": "88800000",
            "researchAndDevelopment": "273400000",
            "operatingExpenses": "362200000",
            "investmentIncomeNet": "None",
            "netInterestIncome": "None",
            "interestIncome": "None",
            "interestExpense": "33900000",
            "nonInterestIncome": "None",
            "otherNonOperatingIncome": "None",
            "depreciation": "None",
            "depreciationAndAmortization": "87700000",
            "incomeBeforeTax": "461700000",
            "incomeTaxExpense": "65800000",
            "interestAndDebtExpense": "None",
            "netIncomeFromContinuingOperations": "0",
            "comprehensiveIncomeNetOfTax": "None",
            "ebit": "472200000",
            "ebitda": "559900000",
            "netIncome": "395900000"
        },
        {
            "fiscalDateEnding": "2016-06-30",
            "reportedCurrency": "EUR",
            "grossProfit": "741400000",
            "totalRevenue": "1739600000",
            "costOfRevenue": "998200000",
            "costofGoodsAndServicesSold": "998200000",
            "operatingIncome": "404200000",
            "sellingGeneralAndAdministrative": "384804000",
            "researchAndDevelopment": "270300000",
            "operatingExpenses": "360700000",
            "investmentIncomeNet": "None",
            "netInterestIncome": "None",
            "interestIncome": "None",
            "interestExpense": "3600000",
            "nonInterestIncome": "None",
            "otherNonOperatingIncome": "None",
            "depreciation": "None",
            "depreciationAndAmortization": "84100000",
            "incomeBeforeTax": "400600000",
            "incomeTaxExpense": "46800000",
            "interestAndDebtExpense": "None",
            "netIncomeFromContinuingOperations": "0",
            "comprehensiveIncomeNetOfTax": "None",
            "ebit": "380700000",
            "ebitda": "464800000",
            "netIncome": "353800000"
        },
        {
            "fiscalDateEnding": "2016-03-31",
            "reportedCurrency": "EUR",
            "grossProfit": "568100000",
            "totalRevenue": "1333200000",
            "costOfRevenue": "765100000",
            "costofGoodsAndServicesSold": "765100000",
            "operatingIncome": "228000000",
            "sellingGeneralAndAdministrative": "414026000",
            "researchAndDevelopment": "274700000",
            "operatingExpenses": "363500000",
            "investmentIncomeNet": "None",
            "netInterestIncome": "None",
            "interestIncome": "None",
            "interestExpense": "3600000",
            "nonInterestIncome": "None",
            "otherNonOperatingIncome": "None",
            "depreciation": "None",
            "depreciationAndAmortization": "82000000",
            "incomeBeforeTax": "224400000",
            "incomeTaxExpense": "26400000",
            "interestAndDebtExpense": "None",
            "netIncomeFromContinuingOperations": "0",
            "comprehensiveIncomeNetOfTax": "None",
            "ebit": "204600000",
            "ebitda": "286600000",
            "netIncome": "198000000"
        },
        {
            "fiscalDateEnding": "2015-12-31",
            "reportedCurrency": "EUR",
            "grossProfit": "659800000",
            "totalRevenue": "1434200000",
            "costOfRevenue": "774400000",
            "costofGoodsAndServicesSold": "774400000",
            "operatingIncome": "318100000",
            "sellingGeneralAndAdministrative": "89532000",
            "researchAndDevelopment": "273000000",
            "operatingExpenses": "362500000",
            "investmentIncomeNet": "None",
            "netInterestIncome": "None",
            "interestIncome": "None",
            "interestExpense": "4615000",
            "nonInterestIncome": "None",
            "otherNonOperatingIncome": "None",
            "depreciation": "None",
            "depreciationAndAmortization": "80500000",
            "incomeBeforeTax": "313500000",
            "incomeTaxExpense": "21100000",
            "interestAndDebtExpense": "None",
            "netIncomeFromContinuingOperations": "1619500000",
            "comprehensiveIncomeNetOfTax": "None",
            "ebit": "297300000",
            "ebitda": "377800000",
            "netIncome": "292374000"
        },
        {
            "fiscalDateEnding": "2015-09-30",
            "reportedCurrency": "EUR",
            "grossProfit": "703500000",
            "totalRevenue": "1549200000",
            "costOfRevenue": "845700000",
            "costofGoodsAndServicesSold": "845700000",
            "operatingIncome": "372400000",
            "sellingGeneralAndAdministrative": "85600000",
            "researchAndDevelopment": "266300000",
            "operatingExpenses": "351900000",
            "investmentIncomeNet": "None",
            "netInterestIncome": "None",
            "interestIncome": "None",
            "interestExpense": "4200000",
            "nonInterestIncome": "None",
            "otherNonOperatingIncome": "None",
            "depreciation": "None",
            "depreciationAndAmortization": "77500000",
            "incomeBeforeTax": "368200000",
            "incomeTaxExpense": "45800000",
            "interestAndDebtExpense": "None",
            "netIncomeFromContinuingOperations": "0",
            "comprehensiveIncomeNetOfTax": "None",
            "ebit": "351600000",
            "ebitda": "429100000",
            "netIncome": "322400000"
        },
        {
            "fiscalDateEnding": "2015-06-30",
            "reportedCurrency": "EUR",
            "grossProfit": "753800000",
            "totalRevenue": "1654100000",
            "costOfRevenue": "900300000",
            "costofGoodsAndServicesSold": "900300000",
            "operatingIncome": "418900000",
            "sellingGeneralAndAdministrative": "410915000",
            "researchAndDevelopment": "267400000",
            "operatingExpenses": "355700000",
            "investmentIncomeNet": "None",
            "netInterestIncome": "None",
            "interestIncome": "None",
            "interestExpense": "4200000",
            "nonInterestIncome": "None",
            "otherNonOperatingIncome": "None",
            "depreciation": "None",
            "depreciationAndAmortization": "72800000",
            "incomeBeforeTax": "414700000",
            "incomeTaxExpense": "45000000",
            "interestAndDebtExpense": "None",
            "netIncomeFromContinuingOperations": "0",
            "comprehensiveIncomeNetOfTax": "None",
            "ebit": "398100000",
            "ebitda": "470900000",
            "netIncome": "369700000"
        },
        {
            "fiscalDateEnding": "2015-03-31",
            "reportedCurrency": "EUR",
            "grossProfit": "778600000",
            "totalRevenue": "1649900000",
            "costOfRevenue": "871300000",
            "costofGoodsAndServicesSold": "871300000",
            "operatingIncome": "455700000",
            "sellingGeneralAndAdministrative": "369168000",
            "researchAndDevelopment": "261400000",
            "operatingExpenses": "343700000",
            "investmentIncomeNet": "None",
            "netInterestIncome": "None",
            "interestIncome": "None",
            "interestExpense": "3500000",
            "nonInterestIncome": "None",
            "otherNonOperatingIncome": "None",
            "depreciation": "None",
            "depreciationAndAmortization": "66100000",
            "incomeBeforeTax": "452200000",
            "incomeTaxExpense": "49500000",
            "interestAndDebtExpense": "None",
            "netIncomeFromContinuingOperations": "0",
            "comprehensiveIncomeNetOfTax": "None",
            "ebit": "434900000",
            "ebitda": "501000000",
            "netIncome": "402700000"
        },
        {
            "fiscalDateEnding": "2014-12-31",
            "reportedCurrency": "EUR",
            "grossProfit": "656874000",
            "totalRevenue": "1493977000",
            "costOfRevenue": "837103000",
            "costofGoodsAndServicesSold": "837103000",
            "operatingIncome": "329735000",
            "sellingGeneralAndAdministrative": "79410000",
            "researchAndDevelopment": "267935000",
            "operatingExpenses": "347345000",
            "investmentIncomeNet": "None",
            "netInterestIncome": "None",
            "interestIncome": "None",
            "interestExpense": "2600000",
            "nonInterestIncome": "None",
            "otherNonOperatingIncome": "None",
            "depreciation": "None",
            "depreciationAndAmortization": "62544000",
            "incomeBeforeTax": "327135000",
            "incomeTaxExpense": "22295000",
            "interestAndDebtExpense": "None",
            "netIncomeFromContinuingOperations": "1418320000",
            "comprehensiveIncomeNetOfTax": "None",
            "ebit": "309529000",
            "ebitda": "372073000",
            "netIncome": "304840000"
        },
        {
            "fiscalDateEnding": "2014-09-30",
            "reportedCurrency": "EUR",
            "grossProfit": "578100000",
            "totalRevenue": "1322200000",
            "costOfRevenue": "744100000",
            "costofGoodsAndServicesSold": "744100000",
            "operatingIncome": "261400000",
            "sellingGeneralAndAdministrative": "76900000",
            "researchAndDevelopment": "260100000",
            "operatingExpenses": "337000000",
            "investmentIncomeNet": "None",
            "netInterestIncome": "None",
            "interestIncome": "None",
            "interestExpense": "2000000",
            "nonInterestIncome": "None",
            "otherNonOperatingIncome": "None",
            "depreciation": "None",
            "depreciationAndAmortization": "60400000",
            "incomeBeforeTax": "259400000",
            "incomeTaxExpense": "15400000",
            "interestAndDebtExpense": "None",
            "netIncomeFromContinuingOperations": "0",
            "comprehensiveIncomeNetOfTax": "None",
            "ebit": "241100000",
            "ebitda": "301500000",
            "netIncome": "244000000"
        },
        {
            "fiscalDateEnding": "2014-06-30",
            "reportedCurrency": "EUR",
            "grossProfit": "751900000",
            "totalRevenue": "1643600000",
            "costOfRevenue": "891700000",
            "costofGoodsAndServicesSold": "891700000",
            "operatingIncome": "425400000",
            "sellingGeneralAndAdministrative": "471602000",
            "researchAndDevelopment": "266900000",
            "operatingExpenses": "346800000",
            "investmentIncomeNet": "None",
            "netInterestIncome": "None",
            "interestIncome": "None",
            "interestExpense": "1400000",
            "nonInterestIncome": "None",
            "otherNonOperatingIncome": "None",
            "depreciation": "None",
            "depreciationAndAmortization": "67000000",
            "incomeBeforeTax": "424000000",
            "incomeTaxExpense": "25300000",
            "interestAndDebtExpense": "None",
            "netIncomeFromContinuingOperations": "0",
            "comprehensiveIncomeNetOfTax": "None",
            "ebit": "405100000",
            "ebitda": "472100000",
            "netIncome": "398700000"
        },
        {
            "fiscalDateEnding": "2014-03-31",
            "reportedCurrency": "EUR",
            "grossProfit": "609500000",
            "totalRevenue": "1396500000",
            "costOfRevenue": "787000000",
            "costofGoodsAndServicesSold": "787000000",
            "operatingIncome": "265700000",
            "sellingGeneralAndAdministrative": "501483000",
            "researchAndDevelopment": "279100000",
            "operatingExpenses": "364000000",
            "investmentIncomeNet": "None",
            "netInterestIncome": "None",
            "interestIncome": "None",
            "interestExpense": "2600000",
            "nonInterestIncome": "None",
            "otherNonOperatingIncome": "None",
            "depreciation": "None",
            "depreciationAndAmortization": "64700000",
            "incomeBeforeTax": "263100000",
            "incomeTaxExpense": "14000000",
            "interestAndDebtExpense": "None",
            "netIncomeFromContinuingOperations": "0",
            "comprehensiveIncomeNetOfTax": "None",
            "ebit": "245500000",
            "ebitda": "310200000",
            "netIncome": "249100000"
        },
        {
            "fiscalDateEnding": "2013-12-31",
            "reportedCurrency": "EUR",
            "grossProfit": "805700000",
            "totalRevenue": "1848300000",
            "costOfRevenue": "1042600000",
            "costofGoodsAndServicesSold": "1042600000",
            "operatingIncome": "479800000",
            "sellingGeneralAndAdministrative": "90000000",
            "researchAndDevelopment": "253100000",
            "operatingExpenses": "343100000",
            "investmentIncomeNet": "None",
            "netInterestIncome": "None",
            "interestIncome": "None",
            "interestExpense": "3500000",
            "nonInterestIncome": "None",
            "otherNonOperatingIncome": "None",
            "depreciation": "None",
            "depreciationAndAmortization": "67500000",
            "incomeBeforeTax": "476300000",
            "incomeTaxExpense": "-4800000",
            "interestAndDebtExpense": "None",
            "netIncomeFromContinuingOperations": "0",
            "comprehensiveIncomeNetOfTax": "None",
            "ebit": "462600000",
            "ebitda": "530100000",
            "netIncome": "481100000"
        },
        {
            "fiscalDateEnding": "2013-09-30",
            "reportedCurrency": "EUR",
            "grossProfit": "530800000",
            "totalRevenue": "1318200000",
            "costOfRevenue": "787400000",
            "costofGoodsAndServicesSold": "787400000",
            "operatingIncome": "212200000",
            "sellingGeneralAndAdministrative": "91200000",
            "researchAndDevelopment": "244100000",
            "operatingExpenses": "335300000",
            "investmentIncomeNet": "None",
            "netInterestIncome": "None",
            "interestIncome": "None",
            "interestExpense": "11600000",
            "nonInterestIncome": "None",
            "otherNonOperatingIncome": "None",
            "depreciation": "None",
            "depreciationAndAmortization": "67900000",
            "incomeBeforeTax": "200600000",
            "incomeTaxExpense": "7500000",
            "interestAndDebtExpense": "None",
            "netIncomeFromContinuingOperations": "0",
            "comprehensiveIncomeNetOfTax": "None",
            "ebit": "195500000",
            "ebitda": "263400000",
            "netIncome": "193100000"
        },
        {
            "fiscalDateEnding": "2013-06-30",
            "reportedCurrency": "EUR",
            "grossProfit": "482200000",
            "totalRevenue": "1186700000",
            "costOfRevenue": "704500000",
            "costofGoodsAndServicesSold": "704500000",
            "operatingIncome": "230600000",
            "sellingGeneralAndAdministrative": "343840000",
            "researchAndDevelopment": "200000000",
            "operatingExpenses": "267900000",
            "investmentIncomeNet": "None",
            "netInterestIncome": "None",
            "interestIncome": "None",
            "interestExpense": "6000000",
            "nonInterestIncome": "None",
            "otherNonOperatingIncome": "None",
            "depreciation": "None",
            "depreciationAndAmortization": "48800000",
            "incomeBeforeTax": "224600000",
            "incomeTaxExpense": "3800000",
            "interestAndDebtExpense": "None",
            "netIncomeFromContinuingOperations": "0",
            "comprehensiveIncomeNetOfTax": "None",
            "ebit": "214300000",
            "ebitda": "263100000",
            "netIncome": "245100000"
        },
        {
            "fiscalDateEnding": "2013-03-31",
            "reportedCurrency": "EUR",
            "grossProfit": "340700000",
            "totalRevenue": "892100000",
            "costOfRevenue": "551400000",
            "costofGoodsAndServicesSold": "551400000",
            "operatingIncome": "107500000",
            "sellingGeneralAndAdministrative": "317068000",
            "researchAndDevelopment": "184800000",
            "operatingExpenses": "247400000",
            "investmentIncomeNet": "None",
            "netInterestIncome": "None",
            "interestIncome": "None",
            "interestExpense": "3300000",
            "nonInterestIncome": "None",
            "otherNonOperatingIncome": "None",
            "depreciation": "None",
            "depreciationAndAmortization": "44500000",
            "incomeBeforeTax": "104200000",
            "incomeTaxExpense": "8000000",
            "interestAndDebtExpense": "None",
            "netIncomeFromContinuingOperations": "0",
            "comprehensiveIncomeNetOfTax": "None",
            "ebit": "93300000",
            "ebitda": "137800000",
            "netIncome": "96200000"
        },
        {
            "fiscalDateEnding": "2012-12-31",
            "reportedCurrency": "EUR",
            "grossProfit": "420200000",
            "totalRevenue": "1023100000",
            "costOfRevenue": "602900000",
            "costofGoodsAndServicesSold": "602900000",
            "operatingIncome": "185300000",
            "sellingGeneralAndAdministrative": "79500000",
            "researchAndDevelopment": "155400000",
            "operatingExpenses": "234900000",
            "investmentIncomeNet": "None",
            "netInterestIncome": "None",
            "interestIncome": "None",
            "interestExpense": "3400000",
            "nonInterestIncome": "None",
            "otherNonOperatingIncome": "None",
            "depreciation": "None",
            "depreciationAndAmortization": "43500000",
            "incomeBeforeTax": "181900000",
            "incomeTaxExpense": "-115800000",
            "interestAndDebtExpense": "None",
            "netIncomeFromContinuingOperations": "0",
            "comprehensiveIncomeNetOfTax": "None",
            "ebit": "185300000",
            "ebitda": "228800000",
            "netIncome": "297700000"
        },
        {
            "fiscalDateEnding": "2012-09-30",
            "reportedCurrency": "EUR",
            "grossProfit": "531000000",
            "totalRevenue": "1228800000",
            "costOfRevenue": "697800000",
            "costofGoodsAndServicesSold": "697800000",
            "operatingIncome": "317500000",
            "sellingGeneralAndAdministrative": "69700000",
            "researchAndDevelopment": "143800000",
            "operatingExpenses": "213500000",
            "investmentIncomeNet": "None",
            "netInterestIncome": "None",
            "interestIncome": "None",
            "interestExpense": "2500000",
            "nonInterestIncome": "None",
            "otherNonOperatingIncome": "None",
            "depreciation": "None",
            "depreciationAndAmortization": "36700000",
            "incomeBeforeTax": "315000000",
            "incomeTaxExpense": "40300000",
            "interestAndDebtExpense": "None",
            "netIncomeFromContinuingOperations": "0",
            "comprehensiveIncomeNetOfTax": "None",
            "ebit": "317500000",
            "ebitda": "354200000",
            "netIncome": "274700000"
        },
        {
            "fiscalDateEnding": "2012-06-30",
            "reportedCurrency": "EUR",
            "grossProfit": "530400000",
            "totalRevenue": "1227700000",
            "costOfRevenue": "697300000",
            "costofGoodsAndServicesSold": "697300000",
            "operatingIncome": "331100000",
            "sellingGeneralAndAdministrative": "239107000",
            "researchAndDevelopment": "144600000",
            "operatingExpenses": "199300000",
            "investmentIncomeNet": "None",
            "netInterestIncome": "None",
            "interestIncome": "None",
            "interestExpense": "900000",
            "nonInterestIncome": "None",
            "otherNonOperatingIncome": "None",
            "depreciation": "None",
            "depreciationAndAmortization": "56800000",
            "incomeBeforeTax": "330200000",
            "incomeTaxExpense": "38300000",
            "interestAndDebtExpense": "None",
            "netIncomeFromContinuingOperations": "0",
            "comprehensiveIncomeNetOfTax": "None",
            "ebit": "331100000",
            "ebitda": "387900000",
            "netIncome": "291900000"
        },
        {
            "fiscalDateEnding": "2012-03-31",
            "reportedCurrency": "EUR",
            "grossProfit": "523600000",
            "totalRevenue": "1251900000",
            "costOfRevenue": "728300000",
            "costofGoodsAndServicesSold": "728300000",
            "operatingIncome": "322900000",
            "sellingGeneralAndAdministrative": "267613000",
            "researchAndDevelopment": "145300000",
            "operatingExpenses": "200700000",
            "investmentIncomeNet": "None",
            "netInterestIncome": "None",
            "interestIncome": "None",
            "interestExpense": "600000",
            "nonInterestIncome": "None",
            "otherNonOperatingIncome": "None",
            "depreciation": "None",
            "depreciationAndAmortization": "49600000",
            "incomeBeforeTax": "323500000",
            "incomeTaxExpense": "41500000",
            "interestAndDebtExpense": "None",
            "netIncomeFromContinuingOperations": "0",
            "comprehensiveIncomeNetOfTax": "None",
            "ebit": "322900000",
            "ebitda": "372500000",
            "netIncome": "282000000"
        },
        {
            "fiscalDateEnding": "2011-12-31",
            "reportedCurrency": "EUR",
            "grossProfit": "496400000",
            "totalRevenue": "1210900000",
            "costOfRevenue": "714500000",
            "costofGoodsAndServicesSold": "714500000",
            "operatingIncome": "289700000",
            "sellingGeneralAndAdministrative": "56304000",
            "researchAndDevelopment": "150400000",
            "operatingExpenses": "206700000",
            "investmentIncomeNet": "None",
            "netInterestIncome": "None",
            "interestIncome": "None",
            "interestExpense": "1519000",
            "nonInterestIncome": "None",
            "otherNonOperatingIncome": "None",
            "depreciation": "None",
            "depreciationAndAmortization": "40085000",
            "incomeBeforeTax": "291200000",
            "incomeTaxExpense": "6500000",
            "interestAndDebtExpense": "None",
            "netIncomeFromContinuingOperations": "0",
            "comprehensiveIncomeNetOfTax": "None",
            "ebit": "249615000",
            "ebitda": "289700000",
            "netIncome": "284660000"
        },
        {
            "fiscalDateEnding": "2011-09-30",
            "reportedCurrency": "EUR",
            "grossProfit": "613400000",
            "totalRevenue": "1458500000",
            "costOfRevenue": "845100000",
            "costofGoodsAndServicesSold": "845100000",
            "operatingIncome": "407300000",
            "sellingGeneralAndAdministrative": "56300000",
            "researchAndDevelopment": "149800000",
            "operatingExpenses": "206100000",
            "investmentIncomeNet": "None",
            "netInterestIncome": "None",
            "interestIncome": "None",
            "interestExpense": "2200000",
            "nonInterestIncome": "None",
            "otherNonOperatingIncome": "None",
            "depreciation": "None",
            "depreciationAndAmortization": "43000000",
            "incomeBeforeTax": "409500000",
            "incomeTaxExpense": "54300000",
            "interestAndDebtExpense": "None",
            "netIncomeFromContinuingOperations": "0",
            "comprehensiveIncomeNetOfTax": "None",
            "ebit": "407300000",
            "ebitda": "450300000",
            "netIncome": "355200000"
        },
        {
            "fiscalDateEnding": "2011-06-30",
            "reportedCurrency": "EUR",
            "grossProfit": "690000000",
            "totalRevenue": "1529400000",
            "costOfRevenue": "839400000",
            "costofGoodsAndServicesSold": "839400000",
            "operatingIncome": "494400000",
            "sellingGeneralAndAdministrative": "290863000",
            "researchAndDevelopment": "144700000",
            "operatingExpenses": "195600000",
            "investmentIncomeNet": "None",
            "netInterestIncome": "None",
            "interestIncome": "None",
            "interestExpense": "1800000",
            "nonInterestIncome": "None",
            "otherNonOperatingIncome": "None",
            "depreciation": "None",
            "depreciationAndAmortization": "42900000",
            "incomeBeforeTax": "496200000",
            "incomeTaxExpense": "64100000",
            "interestAndDebtExpense": "None",
            "netIncomeFromContinuingOperations": "0",
            "comprehensiveIncomeNetOfTax": "None",
            "ebit": "494400000",
            "ebitda": "537300000",
            "netIncome": "432100000"
        },
        {
            "fiscalDateEnding": "2011-03-31",
            "reportedCurrency": "EUR",
            "grossProfit": "649600000",
            "totalRevenue": "1452200000",
            "costOfRevenue": "802600000",
            "costofGoodsAndServicesSold": "802600000",
            "operatingIncome": "449800000",
            "sellingGeneralAndAdministrative": "283376000",
            "researchAndDevelopment": "145400000",
            "operatingExpenses": "199800000",
            "investmentIncomeNet": "None",
            "netInterestIncome": "None",
            "interestIncome": "None",
            "interestExpense": "1900000",
            "nonInterestIncome": "None",
            "otherNonOperatingIncome": "None",
            "depreciation": "None",
            "depreciationAndAmortization": "39200000",
            "incomeBeforeTax": "451700000",
            "incomeTaxExpense": "56700000",
            "interestAndDebtExpense": "None",
            "netIncomeFromContinuingOperations": "0",
            "comprehensiveIncomeNetOfTax": "None",
            "ebit": "449800000",
            "ebitda": "489000000",
            "netIncome": "395000000"
        },
        {
            "fiscalDateEnding": "2010-12-31",
            "reportedCurrency": "EUR",
            "grossProfit": "684670000",
            "totalRevenue": "1521438000",
            "costOfRevenue": "836768000",
            "costofGoodsAndServicesSold": "836768000",
            "operatingIncome": "493599000",
            "sellingGeneralAndAdministrative": "50045000",
            "researchAndDevelopment": "141026000",
            "operatingExpenses": "191071000",
            "investmentIncomeNet": "None",
            "netInterestIncome": "None",
            "interestIncome": "None",
            "interestExpense": "16201000",
            "nonInterestIncome": "None",
            "otherNonOperatingIncome": "None",
            "depreciation": "None",
            "depreciationAndAmortization": "39544000",
            "incomeBeforeTax": "492523000",
            "incomeTaxExpense": "85703000",
            "interestAndDebtExpense": "None",
            "netIncomeFromContinuingOperations": "0",
            "comprehensiveIncomeNetOfTax": "None",
            "ebit": "508724000",
            "ebitda": "548268000",
            "netIncome": "406820000"
        },
        {
            "fiscalDateEnding": "2010-09-30",
            "reportedCurrency": "EUR",
            "grossProfit": "512500000",
            "totalRevenue": "1176000000",
            "costOfRevenue": "663500000",
            "costofGoodsAndServicesSold": "663500000",
            "operatingIncome": "327800000",
            "sellingGeneralAndAdministrative": "47900000",
            "researchAndDevelopment": "136800000",
            "operatingExpenses": "184700000",
            "investmentIncomeNet": "None",
            "netInterestIncome": "None",
            "interestIncome": "None",
            "interestExpense": "1600000",
            "nonInterestIncome": "None",
            "otherNonOperatingIncome": "None",
            "depreciation": "None",
            "depreciationAndAmortization": "41000000",
            "incomeBeforeTax": "326200000",
            "incomeTaxExpense": "57700000",
            "interestAndDebtExpense": "None",
            "netIncomeFromContinuingOperations": "0",
            "comprehensiveIncomeNetOfTax": "None",
            "ebit": "327800000",
            "ebitda": "368800000",
            "netIncome": "268500000"
        },
        {
            "fiscalDateEnding": "2010-06-30",
            "reportedCurrency": "EUR",
            "grossProfit": "459400000",
            "totalRevenue": "1068700000",
            "costOfRevenue": "609300000",
            "costofGoodsAndServicesSold": "609300000",
            "operatingIncome": "292400000",
            "sellingGeneralAndAdministrative": "185289000",
            "researchAndDevelopment": "125300000",
            "operatingExpenses": "167000000",
            "investmentIncomeNet": "None",
            "netInterestIncome": "None",
            "interestIncome": "None",
            "interestExpense": "2700000",
            "nonInterestIncome": "None",
            "otherNonOperatingIncome": "None",
            "depreciation": "None",
            "depreciationAndAmortization": "36200000",
            "incomeBeforeTax": "289700000",
            "incomeTaxExpense": "50500000",
            "interestAndDebtExpense": "None",
            "netIncomeFromContinuingOperations": "0",
            "comprehensiveIncomeNetOfTax": "None",
            "ebit": "292400000",
            "ebitda": "328600000",
            "netIncome": "239200000"
        },
        {
            "fiscalDateEnding": "2010-03-31",
            "reportedCurrency": "EUR",
            "grossProfit": "298600000",
            "totalRevenue": "741800000",
            "costOfRevenue": "443200000",
            "costofGoodsAndServicesSold": "443200000",
            "operatingIncome": "136900000",
            "sellingGeneralAndAdministrative": "218716000",
            "researchAndDevelopment": "120300000",
            "operatingExpenses": "161700000",
            "investmentIncomeNet": "None",
            "netInterestIncome": "None",
            "interestIncome": "None",
            "interestExpense": "2800000",
            "nonInterestIncome": "None",
            "otherNonOperatingIncome": "None",
            "depreciation": "None",
            "depreciationAndAmortization": "34700000",
            "incomeBeforeTax": "134100000",
            "incomeTaxExpense": "26800000",
            "interestAndDebtExpense": "None",
            "netIncomeFromContinuingOperations": "0",
            "comprehensiveIncomeNetOfTax": "None",
            "ebit": "136900000",
            "ebitda": "171600000",
            "netIncome": "107300000"
        },
        {
            "fiscalDateEnding": "2009-12-31",
            "reportedCurrency": "EUR",
            "grossProfit": "220333000",
            "totalRevenue": "580566000",
            "costOfRevenue": "360233000",
            "costofGoodsAndServicesSold": "360233000",
            "operatingIncome": "67809000",
            "sellingGeneralAndAdministrative": "37134000",
            "researchAndDevelopment": "115390000",
            "operatingExpenses": "152524000",
            "investmentIncomeNet": "None",
            "netInterestIncome": "None",
            "interestIncome": "None",
            "interestExpense": "2885000",
            "nonInterestIncome": "None",
            "otherNonOperatingIncome": "None",
            "depreciation": "None",
            "depreciationAndAmortization": "31363000",
            "incomeBeforeTax": "64924000",
            "incomeTaxExpense": "14444000",
            "interestAndDebtExpense": "None",
            "netIncomeFromContinuingOperations": "0",
            "comprehensiveIncomeNetOfTax": "None",
            "ebit": "110575000",
            "ebitda": "141938000",
            "netIncome": "50480000"
        },
        {
            "fiscalDateEnding": "2009-09-30",
            "reportedCurrency": "EUR",
            "grossProfit": "191259000",
            "totalRevenue": "555272000",
            "costOfRevenue": "364013000",
            "costofGoodsAndServicesSold": "364013000",
            "operatingIncome": "38556000",
            "sellingGeneralAndAdministrative": "37537000",
            "researchAndDevelopment": "115166000",
            "operatingExpenses": "152703000",
            "investmentIncomeNet": "None",
            "netInterestIncome": "None",
            "interestIncome": "None",
            "interestExpense": "2400000",
            "nonInterestIncome": "None",
            "otherNonOperatingIncome": "None",
            "depreciation": "None",
            "depreciationAndAmortization": "39302000",
            "incomeBeforeTax": "36173000",
            "incomeTaxExpense": "16434000",
            "interestAndDebtExpense": "None",
            "netIncomeFromContinuingOperations": "0",
            "comprehensiveIncomeNetOfTax": "None",
            "ebit": "38556000",
            "ebitda": "77858000",
            "netIncome": "19800000"
        },
        {
            "fiscalDateEnding": "2009-06-30",
            "reportedCurrency": "EUR",
            "grossProfit": "34438000",
            "totalRevenue": "276600000",
            "costOfRevenue": "242162000",
            "costofGoodsAndServicesSold": "242162000",
            "operatingIncome": "-124430000",
            "sellingGeneralAndAdministrative": "233846000",
            "researchAndDevelopment": "117890000",
            "operatingExpenses": "158868000",
            "investmentIncomeNet": "None",
            "netInterestIncome": "None",
            "interestIncome": "None",
            "interestExpense": "900000",
            "nonInterestIncome": "None",
            "otherNonOperatingIncome": "None",
            "depreciation": "None",
            "depreciationAndAmortization": "31660000",
            "incomeBeforeTax": "-124668000",
            "incomeTaxExpense": "-20715000",
            "interestAndDebtExpense": "None",
            "netIncomeFromContinuingOperations": "0",
            "comprehensiveIncomeNetOfTax": "None",
            "ebit": "-124430000",
            "ebitda": "-92770000",
            "netIncome": "-103953000"
        },
        {
            "fiscalDateEnding": "2009-03-31",
            "reportedCurrency": "EUR",
            "grossProfit": "12362000",
            "totalRevenue": "183625000",
            "costOfRevenue": "171263000",
            "costofGoodsAndServicesSold": "171263000",
            "operatingIncome": "-146948000",
            "sellingGeneralAndAdministrative": "210374000",
            "researchAndDevelopment": "118315000",
            "operatingExpenses": "159310000",
            "investmentIncomeNet": "None",
            "netInterestIncome": "None",
            "interestIncome": "None",
            "interestExpense": "1700000",
            "nonInterestIncome": "None",
            "otherNonOperatingIncome": "None",
            "depreciation": "None",
            "depreciationAndAmortization": "37876000",
            "incomeBeforeTax": "-147979000",
            "incomeTaxExpense": "-30788000",
            "interestAndDebtExpense": "None",
            "netIncomeFromContinuingOperations": "0",
            "comprehensiveIncomeNetOfTax": "None",
            "ebit": "-146948000",
            "ebitda": "-109072000",
            "netIncome": "-117191000"
        },
        {
            "fiscalDateEnding": "2008-12-31",
            "reportedCurrency": "EUR",
            "grossProfit": "42506495",
            "totalRevenue": "503616946",
            "costOfRevenue": "461110451",
            "costofGoodsAndServicesSold": "461110451",
            "operatingIncome": "-134033544.91",
            "sellingGeneralAndAdministrative": "47404795.76",
            "researchAndDevelopment": "151384388",
            "operatingExpenses": "176540039",
            "investmentIncomeNet": "None",
            "netInterestIncome": "None",
            "interestIncome": "None",
            "interestExpense": "69453000",
            "nonInterestIncome": "None",
            "otherNonOperatingIncome": "None",
            "depreciation": "None",
            "depreciationAndAmortization": "33273161",
            "incomeBeforeTax": "-128994713.26",
            "incomeTaxExpense": "-42200916.50",
            "interestAndDebtExpense": "None",
            "netIncomeFromContinuingOperations": "0",
            "comprehensiveIncomeNetOfTax": "None",
            "ebit": "-134033544.70",
            "ebitda": "-100760383.70",
            "netIncome": "-86793796.76"
        },
        {
            "fiscalDateEnding": "2008-09-30",
            "reportedCurrency": "EUR",
            "grossProfit": "265129382",
            "totalRevenue": "695702374",
            "costOfRevenue": "430572992",
            "costofGoodsAndServicesSold": "430572992",
            "operatingIncome": "83246310",
            "sellingGeneralAndAdministrative": "51873879.99",
            "researchAndDevelopment": "130009191",
            "operatingExpenses": "181883070",
            "investmentIncomeNet": "None",
            "netInterestIncome": "None",
            "interestIncome": "None",
            "interestExpense": "0",
            "nonInterestIncome": "None",
            "otherNonOperatingIncome": "None",
            "depreciation": "None",
            "depreciationAndAmortization": "29027638",
            "incomeBeforeTax": "90297163",
            "incomeTaxExpense": "17086314",
            "interestAndDebtExpense": "None",
            "netIncomeFromContinuingOperations": "0",
            "comprehensiveIncomeNetOfTax": "None",
            "ebit": "83246311",
            "ebitda": "112273949",
            "netIncome": "73210849"
        },
        {
            "fiscalDateEnding": "2008-06-30",
            "reportedCurrency": "EUR",
            "grossProfit": "337770906",
            "totalRevenue": "844914654",
            "costOfRevenue": "507143748",
            "costofGoodsAndServicesSold": "507143748",
            "operatingIncome": "150994358",
            "sellingGeneralAndAdministrative": "292813000",
            "researchAndDevelopment": "130358119",
            "operatingExpenses": "186776547",
            "investmentIncomeNet": "None",
            "netInterestIncome": "None",
            "interestIncome": "None",
            "interestExpense": "0",
            "nonInterestIncome": "None",
            "otherNonOperatingIncome": "None",
            "depreciation": "None",
            "depreciationAndAmortization": "26611789",
            "incomeBeforeTax": "157372369",
            "incomeTaxExpense": "-34776907.60",
            "interestAndDebtExpense": "None",
            "netIncomeFromContinuingOperations": "0",
            "comprehensiveIncomeNetOfTax": "None",
            "ebit": "150994358",
            "ebitda": "177606147",
            "netIncome": "192149277"
        },
        {
            "fiscalDateEnding": "2008-03-31",
            "reportedCurrency": "EUR",
            "grossProfit": "373434567",
            "totalRevenue": "918739694",
            "costOfRevenue": "545305127",
            "costofGoodsAndServicesSold": "545305127",
            "operatingIncome": "187942189",
            "sellingGeneralAndAdministrative": "293320000",
            "researchAndDevelopment": "128193747",
            "operatingExpenses": "185492377",
            "investmentIncomeNet": "None",
            "netInterestIncome": "None",
            "interestIncome": "None",
            "interestExpense": "0",
            "nonInterestIncome": "None",
            "otherNonOperatingIncome": "None",
            "depreciation": "None",
            "depreciationAndAmortization": "30560282",
            "incomeBeforeTax": "192142771",
            "incomeTaxExpense": "47094139",
            "interestAndDebtExpense": "None",
            "netIncomeFromContinuingOperations": "0",
            "comprehensiveIncomeNetOfTax": "None",
            "ebit": "187942189",
            "ebitda": "218502471",
            "netIncome": "145049265"
        },
        {
            "fiscalDateEnding": "2007-12-31",
            "reportedCurrency": "EUR",
            "grossProfit": "398267424",
            "totalRevenue": "978096152",
            "costOfRevenue": "579828728",
            "costofGoodsAndServicesSold": "579828728",
            "operatingIncome": "211096635",
            "sellingGeneralAndAdministrative": "57206062.10",
            "researchAndDevelopment": "129978553",
            "operatingExpenses": "187170088",
            "investmentIncomeNet": "None",
            "netInterestIncome": "None",
            "interestIncome": "None",
            "interestExpense": "65296000",
            "nonInterestIncome": "None",
            "otherNonOperatingIncome": "None",
            "depreciation": "None",
            "depreciationAndAmortization": "20789814",
            "incomeBeforeTax": "216593024",
            "incomeTaxExpense": "9593339",
            "interestAndDebtExpense": "None",
            "netIncomeFromContinuingOperations": "0",
            "comprehensiveIncomeNetOfTax": "None",
            "ebit": "211097336",
            "ebitda": "231887150",
            "netIncome": "206999685"
        },
        {
            "fiscalDateEnding": "2007-09-30",
            "reportedCurrency": "EUR",
            "grossProfit": "387201353",
            "totalRevenue": "940599422",
            "costOfRevenue": "553398069",
            "costofGoodsAndServicesSold": "553398069",
            "operatingIncome": "211029877",
            "sellingGeneralAndAdministrative": "56060899.23",
            "researchAndDevelopment": "120110576",
            "operatingExpenses": "176171475",
            "investmentIncomeNet": "None",
            "netInterestIncome": "None",
            "interestIncome": "None",
            "interestExpense": "0",
            "nonInterestIncome": "None",
            "otherNonOperatingIncome": "None",
            "depreciation": "None",
            "depreciationAndAmortization": "28294643",
            "incomeBeforeTax": "220559649",
            "incomeTaxExpense": "52527616",
            "interestAndDebtExpense": "None",
            "netIncomeFromContinuingOperations": "0",
            "comprehensiveIncomeNetOfTax": "None",
            "ebit": "211029878",
            "ebitda": "239324521",
            "netIncome": "166325657"
        },
        {
            "fiscalDateEnding": "2007-06-30",
            "reportedCurrency": "EUR",
            "grossProfit": "384489892",
            "totalRevenue": "935143931",
            "costOfRevenue": "550654039",
            "costofGoodsAndServicesSold": "550654039",
            "operatingIncome": "207797531",
            "sellingGeneralAndAdministrative": "241429000",
            "researchAndDevelopment": "120301306",
            "operatingExpenses": "176692359",
            "investmentIncomeNet": "None",
            "netInterestIncome": "None",
            "interestIncome": "None",
            "interestExpense": "0",
            "nonInterestIncome": "None",
            "otherNonOperatingIncome": "None",
            "depreciation": "None",
            "depreciationAndAmortization": "27042292",
            "incomeBeforeTax": "215966850",
            "incomeTaxExpense": "55470545",
            "interestAndDebtExpense": "None",
            "netIncomeFromContinuingOperations": "0",
            "comprehensiveIncomeNetOfTax": "None",
            "ebit": "207797532",
            "ebitda": "234839824",
            "netIncome": "159493055"
        },
        {
            "fiscalDateEnding": "2007-03-31",
            "reportedCurrency": "EUR",
            "grossProfit": "392481984.96",
            "totalRevenue": "959957086.80",
            "costOfRevenue": "567475101.84",
            "costofGoodsAndServicesSold": "567475101.84",
            "operatingIncome": "196620512.40",
            "sellingGeneralAndAdministrative": "231065000",
            "researchAndDevelopment": "116407068.48",
            "operatingExpenses": "172720488.72",
            "investmentIncomeNet": "None",
            "netInterestIncome": "None",
            "interestIncome": "None",
            "interestExpense": "0",
            "nonInterestIncome": "None",
            "otherNonOperatingIncome": "None",
            "depreciation": "None",
            "depreciationAndAmortization": "50416264.56",
            "incomeBeforeTax": "206877281.52",
            "incomeTaxExpense": "53623095.60",
            "interestAndDebtExpense": "None",
            "netIncomeFromContinuingOperations": "0",
            "comprehensiveIncomeNetOfTax": "None",
            "ebit": "242902480.08",
            "ebitda": "293318744.64",
            "netIncome": "153254185.92"
        },
        {
            "fiscalDateEnding": "2006-12-31",
            "reportedCurrency": "EUR",
            "grossProfit": "439607032",
            "totalRevenue": "1070114519",
            "costOfRevenue": "630507487",
            "costofGoodsAndServicesSold": "630507487",
            "operatingIncome": "280182871",
            "sellingGeneralAndAdministrative": "52223214.22",
            "researchAndDevelopment": "107200916",
            "operatingExpenses": "159424161",
            "investmentIncomeNet": "None",
            "netInterestIncome": "None",
            "interestIncome": "None",
            "interestExpense": "66629000",
            "nonInterestIncome": "None",
            "otherNonOperatingIncome": "None",
            "depreciation": "None",
            "depreciationAndAmortization": "14701246",
            "incomeBeforeTax": "285951001",
            "incomeTaxExpense": "79997424",
            "interestAndDebtExpense": "None",
            "netIncomeFromContinuingOperations": "0",
            "comprehensiveIncomeNetOfTax": "None",
            "ebit": "280182871",
            "ebitda": "294884117",
            "netIncome": "205954334"
        },
        {
            "fiscalDateEnding": "2006-09-30",
            "reportedCurrency": "EUR",
            "grossProfit": "390512976",
            "totalRevenue": "957450983",
            "costOfRevenue": "566938007",
            "costofGoodsAndServicesSold": "566938007",
            "operatingIncome": "238906320",
            "sellingGeneralAndAdministrative": "51389175.28",
            "researchAndDevelopment": "100218268",
            "operatingExpenses": "151607443",
            "investmentIncomeNet": "None",
            "netInterestIncome": "None",
            "interestIncome": "None",
            "interestExpense": "0",
            "nonInterestIncome": "None",
            "otherNonOperatingIncome": "None",
            "depreciation": "None",
            "depreciationAndAmortization": "29529236",
            "incomeBeforeTax": "238541494",
            "incomeTaxExpense": "66699238",
            "interestAndDebtExpense": "None",
            "netIncomeFromContinuingOperations": "0",
            "comprehensiveIncomeNetOfTax": "None",
            "ebit": "238905532",
            "ebitda": "268434768",
            "netIncome": "171841468"
        },
        {
            "fiscalDateEnding": "2006-06-30",
            "reportedCurrency": "EUR",
            "grossProfit": "381193503",
            "totalRevenue": "942423354",
            "costOfRevenue": "561229851",
            "costofGoodsAndServicesSold": "561229851",
            "operatingIncome": "237749184",
            "sellingGeneralAndAdministrative": "191964000",
            "researchAndDevelopment": "92385930",
            "operatingExpenses": "143444319",
            "investmentIncomeNet": "None",
            "netInterestIncome": "None",
            "interestIncome": "None",
            "interestExpense": "0",
            "nonInterestIncome": "None",
            "otherNonOperatingIncome": "None",
            "depreciation": "None",
            "depreciationAndAmortization": "20754468",
            "incomeBeforeTax": "235859205",
            "incomeTaxExpense": "68628541",
            "interestAndDebtExpense": "None",
            "netIncomeFromContinuingOperations": "0",
            "comprehensiveIncomeNetOfTax": "None",
            "ebit": "237749185",
            "ebitda": "258503653",
            "netIncome": "167230663"
        },
        {
            "fiscalDateEnding": "2006-03-31",
            "reportedCurrency": "EUR",
            "grossProfit": "251495224",
            "totalRevenue": "629075075",
            "costOfRevenue": "377579851",
            "costofGoodsAndServicesSold": "377579851",
            "operatingIncome": "114286160",
            "sellingGeneralAndAdministrative": "166642000",
            "researchAndDevelopment": "86967604",
            "operatingExpenses": "137209063",
            "investmentIncomeNet": "None",
            "netInterestIncome": "None",
            "interestIncome": "None",
            "interestExpense": "0",
            "nonInterestIncome": "None",
            "otherNonOperatingIncome": "None",
            "depreciation": "None",
            "depreciationAndAmortization": "22106967",
            "incomeBeforeTax": "109911957",
            "incomeTaxExpense": "29918162",
            "interestAndDebtExpense": "None",
            "netIncomeFromContinuingOperations": "0",
            "comprehensiveIncomeNetOfTax": "None",
            "ebit": "114286161",
            "ebitda": "136393128",
            "netIncome": "79993794"
        },
        {
            "fiscalDateEnding": "2005-12-31",
            "reportedCurrency": "EUR",
            "grossProfit": "204232521",
            "totalRevenue": "548079875",
            "costOfRevenue": "343847354",
            "costofGoodsAndServicesSold": "343847354",
            "operatingIncome": "74665787",
            "sellingGeneralAndAdministrative": "47297792.55",
            "researchAndDevelopment": "82269785",
            "operatingExpenses": "129568409",
            "investmentIncomeNet": "None",
            "netInterestIncome": "None",
            "interestIncome": "None",
            "interestExpense": "1845000",
            "nonInterestIncome": "None",
            "otherNonOperatingIncome": "None",
            "depreciation": "None",
            "depreciationAndAmortization": "21312716",
            "incomeBeforeTax": "72880983",
            "incomeTaxExpense": "21216302",
            "interestAndDebtExpense": "None",
            "netIncomeFromContinuingOperations": "0",
            "comprehensiveIncomeNetOfTax": "None",
            "ebit": "74664112",
            "ebitda": "95976828",
            "netIncome": "51664681"
        },
        {
            "fiscalDateEnding": "2005-09-30",
            "reportedCurrency": "EUR",
            "grossProfit": "196990368",
            "totalRevenue": "532579174",
            "costOfRevenue": "335588806",
            "costofGoodsAndServicesSold": "335588806",
            "operatingIncome": "68951366",
            "sellingGeneralAndAdministrative": "48182421.92",
            "researchAndDevelopment": "79856579",
            "operatingExpenses": "128039832",
            "investmentIncomeNet": "None",
            "netInterestIncome": "None",
            "interestIncome": "None",
            "interestExpense": "4683000",
            "nonInterestIncome": "None",
            "otherNonOperatingIncome": "None",
            "depreciation": "None",
            "depreciationAndAmortization": "21913427",
            "incomeBeforeTax": "65044773",
            "incomeTaxExpense": "17330311",
            "interestAndDebtExpense": "None",
            "netIncomeFromContinuingOperations": "0",
            "comprehensiveIncomeNetOfTax": "None",
            "ebit": "68950535",
            "ebitda": "90863962",
            "netIncome": "47714461"
        },
        {
            "fiscalDateEnding": "2005-06-30",
            "reportedCurrency": "EUR",
            "grossProfit": "298126867",
            "totalRevenue": "761716420",
            "costOfRevenue": "463589553",
            "costofGoodsAndServicesSold": "463589553",
            "operatingIncome": "161304954",
            "sellingGeneralAndAdministrative": "154518000",
            "researchAndDevelopment": "82009067",
            "operatingExpenses": "136821911",
            "investmentIncomeNet": "None",
            "netInterestIncome": "None",
            "interestIncome": "None",
            "interestExpense": "4195000",
            "nonInterestIncome": "None",
            "otherNonOperatingIncome": "None",
            "depreciation": "None",
            "depreciationAndAmortization": "24877406",
            "incomeBeforeTax": "157513936",
            "incomeTaxExpense": "45925837",
            "interestAndDebtExpense": "None",
            "netIncomeFromContinuingOperations": "0",
            "comprehensiveIncomeNetOfTax": "None",
            "ebit": "161304955",
            "ebitda": "186182361",
            "netIncome": "111588098"
        },
        {
            "fiscalDateEnding": "2005-03-31",
            "reportedCurrency": "EUR",
            "grossProfit": "274009622",
            "totalRevenue": "684418867",
            "costOfRevenue": "410409245",
            "costofGoodsAndServicesSold": "410409245",
            "operatingIncome": "143799180",
            "sellingGeneralAndAdministrative": "168934000",
            "researchAndDevelopment": "79468861",
            "operatingExpenses": "130210441",
            "investmentIncomeNet": "None",
            "netInterestIncome": "None",
            "interestIncome": "None",
            "interestExpense": "5967000",
            "nonInterestIncome": "None",
            "otherNonOperatingIncome": "None",
            "depreciation": "None",
            "depreciationAndAmortization": "22358355",
            "incomeBeforeTax": "139199914",
            "incomeTaxExpense": "38976500",
            "interestAndDebtExpense": "None",
            "netIncomeFromContinuingOperations": "0",
            "comprehensiveIncomeNetOfTax": "None",
            "ebit": "143799181",
            "ebitda": "166157536",
            "netIncome": "100223414"
        },
        {
            "fiscalDateEnding": "2004-12-31",
            "reportedCurrency": "EUR",
            "grossProfit": "307265157",
            "totalRevenue": "783615262",
            "costOfRevenue": "476350105",
            "costofGoodsAndServicesSold": "476350105",
            "operatingIncome": "180653973",
            "sellingGeneralAndAdministrative": "51991305.16",
            "researchAndDevelopment": "74616125",
            "operatingExpenses": "126608235",
            "investmentIncomeNet": "None",
            "netInterestIncome": "None",
            "interestIncome": "None",
            "interestExpense": "7470000",
            "nonInterestIncome": "None",
            "otherNonOperatingIncome": "None",
            "depreciation": "None",
            "depreciationAndAmortization": "17789676",
            "incomeBeforeTax": "176098674",
            "incomeTaxExpense": "67614986",
            "interestAndDebtExpense": "None",
            "netIncomeFromContinuingOperations": "0",
            "comprehensiveIncomeNetOfTax": "None",
            "ebit": "180659868",
            "ebitda": "198449544",
            "netIncome": "108483688"
        },
        {
            "fiscalDateEnding": "2004-09-30",
            "reportedCurrency": "EUR",
            "grossProfit": "232254422",
            "totalRevenue": "610372620",
            "costOfRevenue": "378118198",
            "costofGoodsAndServicesSold": "378118198",
            "operatingIncome": "63205331",
            "sellingGeneralAndAdministrative": "51500491.38",
            "researchAndDevelopment": "117547794",
            "operatingExpenses": "169049090",
            "investmentIncomeNet": "None",
            "netInterestIncome": "None",
            "interestIncome": "None",
            "interestExpense": "3989000",
            "nonInterestIncome": "None",
            "otherNonOperatingIncome": "None",
            "depreciation": "None",
            "depreciationAndAmortization": "22138389",
            "incomeBeforeTax": "60155076",
            "incomeTaxExpense": "19249656",
            "interestAndDebtExpense": "None",
            "netIncomeFromContinuingOperations": "0",
            "comprehensiveIncomeNetOfTax": "None",
            "ebit": "63205331",
            "ebitda": "85343720",
            "netIncome": "40905419"
        },
        {
            "fiscalDateEnding": "2004-06-30",
            "reportedCurrency": "EUR",
            "grossProfit": "219317038",
            "totalRevenue": "615626054",
            "costOfRevenue": "396309016",
            "costofGoodsAndServicesSold": "396309016",
            "operatingIncome": "100409904",
            "sellingGeneralAndAdministrative": "143637000",
            "researchAndDevelopment": "68661600",
            "operatingExpenses": "118907134",
            "investmentIncomeNet": "None",
            "netInterestIncome": "None",
            "interestIncome": "None",
            "interestExpense": "5312000",
            "nonInterestIncome": "None",
            "otherNonOperatingIncome": "None",
            "depreciation": "None",
            "depreciationAndAmortization": "24518093",
            "incomeBeforeTax": "96015561",
            "incomeTaxExpense": "30724323",
            "interestAndDebtExpense": "None",
            "netIncomeFromContinuingOperations": "0",
            "comprehensiveIncomeNetOfTax": "None",
            "ebit": "100409904",
            "ebitda": "124927997",
            "netIncome": "65291237"
        }
    ]
}