{
    "symbol": "GFS",
    "annualReports": [
        {
            "fiscalDateEnding": "2023-12-31",
            "reportedCurrency": "USD",
            "grossProfit": "2101000000",
            "totalRevenue": "7392000000",
            "costOfRevenue": "5291000000",
            "costofGoodsAndServicesSold": "5291000000",
            "operatingIncome": "1200000000",
            "sellingGeneralAndAdministrative": "448000000",
            "researchAndDevelopment": "428000000",
            "operatingExpenses": "901000000",
            "investmentIncomeNet": "None",
            "netInterestIncome": "2000000",
            "interestIncome": "149000000",
            "interestExpense": "101000000",
            "nonInterestIncome": "None",
            "otherNonOperatingIncome": "None",
            "depreciation": "None",
            "depreciationAndAmortization": "1451000000",
            "incomeBeforeTax": "1084000000",
            "incomeTaxExpense": "66000000",
            "interestAndDebtExpense": "None",
            "netIncomeFromContinuingOperations": "1408000000",
            "comprehensiveIncomeNetOfTax": "None",
            "ebit": "1200000000",
            "ebitda": "2651000000",
            "netIncome": "1020000000"
        },
        {
            "fiscalDateEnding": "2022-12-31",
            "reportedCurrency": "USD",
            "grossProfit": "2239000000",
            "totalRevenue": "8108000000",
            "costOfRevenue": "5869000000",
            "costofGoodsAndServicesSold": "5869000000",
            "operatingIncome": "1167000000",
            "sellingGeneralAndAdministrative": "451000000",
            "researchAndDevelopment": "482000000",
            "operatingExpenses": "978000000",
            "investmentIncomeNet": "None",
            "netInterestIncome": "-60000000",
            "interestIncome": "51000000",
            "interestExpense": "60000000",
            "nonInterestIncome": "None",
            "otherNonOperatingIncome": "None",
            "depreciation": "None",
            "depreciationAndAmortization": "1623000000",
            "incomeBeforeTax": "1532000000",
            "incomeTaxExpense": "86000000",
            "interestAndDebtExpense": "None",
            "netIncomeFromContinuingOperations": "1446000000",
            "comprehensiveIncomeNetOfTax": "None",
            "ebit": "1283000000",
            "ebitda": "2906000000",
            "netIncome": "1448000000"
        },
        {
            "fiscalDateEnding": "2021-12-31",
            "reportedCurrency": "USD",
            "grossProfit": "1013000000",
            "totalRevenue": "6585000000",
            "costOfRevenue": "5572000000",
            "costofGoodsAndServicesSold": "5572000000",
            "operatingIncome": "-68000000",
            "sellingGeneralAndAdministrative": "545031000",
            "researchAndDevelopment": "478000000",
            "operatingExpenses": "1073000000",
            "investmentIncomeNet": "None",
            "netInterestIncome": "-108000000",
            "interestIncome": "5703000",
            "interestExpense": "108000000",
            "nonInterestIncome": "None",
            "otherNonOperatingIncome": "None",
            "depreciation": "None",
            "depreciationAndAmortization": "1618844000",
            "incomeBeforeTax": "-176000000",
            "incomeTaxExpense": "78000000",
            "interestAndDebtExpense": "None",
            "netIncomeFromContinuingOperations": "-254000000",
            "comprehensiveIncomeNetOfTax": "None",
            "ebit": "-67844000",
            "ebitda": "1551000000",
            "netIncome": "-254000000"
        },
        {
            "fiscalDateEnding": "2020-12-31",
            "reportedCurrency": "USD",
            "grossProfit": "-712720000",
            "totalRevenue": "4850505000",
            "costOfRevenue": "5563225000",
            "costofGoodsAndServicesSold": "5563225000",
            "operatingIncome": "-1502010000",
            "sellingGeneralAndAdministrative": "287641000",
            "researchAndDevelopment": "475769000",
            "operatingExpenses": "920629000",
            "investmentIncomeNet": "None",
            "netInterestIncome": "-151289000",
            "interestIncome": "3098000",
            "interestExpense": "132662000",
            "nonInterestIncome": "None",
            "otherNonOperatingIncome": "None",
            "depreciation": "None",
            "depreciationAndAmortization": "2522514000",
            "incomeBeforeTax": "-1363127000",
            "incomeTaxExpense": "-12267000",
            "interestAndDebtExpense": "None",
            "netIncomeFromContinuingOperations": "-1350860000",
            "comprehensiveIncomeNetOfTax": "None",
            "ebit": "-1502010000",
            "ebitda": "1020504000",
            "netIncome": "-1350860000"
        },
        {
            "fiscalDateEnding": "2019-12-31",
            "reportedCurrency": "USD",
            "grossProfit": "-532244000",
            "totalRevenue": "5812788000",
            "costOfRevenue": "6345032000",
            "costofGoodsAndServicesSold": "6345032000",
            "operatingIncome": "-1494949000",
            "sellingGeneralAndAdministrative": "358942000",
            "researchAndDevelopment": "582974000",
            "operatingExpenses": "1028602000",
            "investmentIncomeNet": "None",
            "netInterestIncome": "-218797000",
            "interestIncome": "11379000",
            "interestExpense": "202780000",
            "nonInterestIncome": "None",
            "otherNonOperatingIncome": "None",
            "depreciation": "None",
            "depreciationAndAmortization": "2678224000",
            "incomeBeforeTax": "-1147125000",
            "incomeTaxExpense": "224061000",
            "interestAndDebtExpense": "None",
            "netIncomeFromContinuingOperations": "-1371186000",
            "comprehensiveIncomeNetOfTax": "None",
            "ebit": "-1494949000",
            "ebitda": "1183275000",
            "netIncome": "-1371186000"
        },
        {
            "fiscalDateEnding": "2018-12-31",
            "reportedCurrency": "USD",
            "grossProfit": "-450051000",
            "totalRevenue": "6196039000",
            "costOfRevenue": "6646090000",
            "costofGoodsAndServicesSold": "6646090000",
            "operatingIncome": "-2523290000",
            "sellingGeneralAndAdministrative": "325269000",
            "researchAndDevelopment": "926220000",
            "operatingExpenses": "1378967000",
            "investmentIncomeNet": "None",
            "netInterestIncome": "-154521000",
            "interestIncome": "10283000",
            "interestExpense": "137508000",
            "nonInterestIncome": "None",
            "otherNonOperatingIncome": "None",
            "depreciation": "None",
            "depreciationAndAmortization": "2947924000",
            "incomeBeforeTax": "-2609580000",
            "incomeTaxExpense": "16446000",
            "interestAndDebtExpense": "None",
            "netIncomeFromContinuingOperations": "-2626026000",
            "comprehensiveIncomeNetOfTax": "None",
            "ebit": "-1777800000",
            "ebitda": "1170124000",
            "netIncome": "-2701603000"
        }
    ],
    "quarterlyReports": [
        {
            "fiscalDateEnding": "2024-06-30",
            "reportedCurrency": "USD",
            "grossProfit": "395000000",
            "totalRevenue": "1632000000",
            "costOfRevenue": "1237000000",
            "costofGoodsAndServicesSold": "1237000000",
            "operatingIncome": "160000000",
            "sellingGeneralAndAdministrative": "114000000",
            "researchAndDevelopment": "121000000",
            "operatingExpenses": "235000000",
            "investmentIncomeNet": "None",
            "netInterestIncome": "16000000",
            "interestIncome": "None",
            "interestExpense": "None",
            "nonInterestIncome": "None",
            "otherNonOperatingIncome": "None",
            "depreciation": "None",
            "depreciationAndAmortization": "402000000",
            "incomeBeforeTax": "167000000",
            "incomeTaxExpense": "12000000",
            "interestAndDebtExpense": "None",
            "netIncomeFromContinuingOperations": "155000000",
            "comprehensiveIncomeNetOfTax": "None",
            "ebit": "160000000",
            "ebitda": "562000000",
            "netIncome": "155000000"
        },
        {
            "fiscalDateEnding": "2024-03-31",
            "reportedCurrency": "USD",
            "grossProfit": "393000000",
            "totalRevenue": "1549000000",
            "costOfRevenue": "1156000000",
            "costofGoodsAndServicesSold": "1156000000",
            "operatingIncome": "147000000",
            "sellingGeneralAndAdministrative": "122000000",
            "researchAndDevelopment": "124000000",
            "operatingExpenses": "246000000",
            "investmentIncomeNet": "None",
            "netInterestIncome": "10000000",
            "interestIncome": "None",
            "interestExpense": "None",
            "nonInterestIncome": "None",
            "otherNonOperatingIncome": "None",
            "depreciation": "None",
            "depreciationAndAmortization": "392000000",
            "incomeBeforeTax": "155000000",
            "incomeTaxExpense": "21000000",
            "interestAndDebtExpense": "None",
            "netIncomeFromContinuingOperations": "134000000",
            "comprehensiveIncomeNetOfTax": "None",
            "ebit": "147000000",
            "ebitda": "539000000",
            "netIncome": "133000000"
        },
        {
            "fiscalDateEnding": "2023-12-31",
            "reportedCurrency": "USD",
            "grossProfit": "525000000",
            "totalRevenue": "1854000000",
            "costOfRevenue": "1329000000",
            "costofGoodsAndServicesSold": "1329000000",
            "operatingIncome": "333000000",
            "sellingGeneralAndAdministrative": "62000000",
            "researchAndDevelopment": "105000000",
            "operatingExpenses": "192000000",
            "investmentIncomeNet": "None",
            "netInterestIncome": "8000000",
            "interestIncome": "None",
            "interestExpense": "None",
            "nonInterestIncome": "None",
            "otherNonOperatingIncome": "None",
            "depreciation": "None",
            "depreciationAndAmortization": "402000000",
            "incomeBeforeTax": "299000000",
            "incomeTaxExpense": "21000000",
            "interestAndDebtExpense": "None",
            "netIncomeFromContinuingOperations": "278000000",
            "comprehensiveIncomeNetOfTax": "None",
            "ebit": "333000000",
            "ebitda": "735000000",
            "netIncome": "277000000"
        },
        {
            "fiscalDateEnding": "2023-09-30",
            "reportedCurrency": "USD",
            "grossProfit": "529000000",
            "totalRevenue": "1852000000",
            "costOfRevenue": "1323000000",
            "costofGoodsAndServicesSold": "1323000000",
            "operatingIncome": "261000000",
            "sellingGeneralAndAdministrative": "143000000",
            "researchAndDevelopment": "108000000",
            "operatingExpenses": "251000000",
            "investmentIncomeNet": "None",
            "netInterestIncome": "3000000",
            "interestIncome": "None",
            "interestExpense": "None",
            "nonInterestIncome": "None",
            "otherNonOperatingIncome": "None",
            "depreciation": "None",
            "depreciationAndAmortization": "366000000",
            "incomeBeforeTax": "243000000",
            "incomeTaxExpense": "-6000000",
            "interestAndDebtExpense": "None",
            "netIncomeFromContinuingOperations": "249000000",
            "comprehensiveIncomeNetOfTax": "None",
            "ebit": "295000000",
            "ebitda": "661000000",
            "netIncome": "249000000"
        },
        {
            "fiscalDateEnding": "2023-06-30",
            "reportedCurrency": "USD",
            "grossProfit": "532000000",
            "totalRevenue": "1845000000",
            "costOfRevenue": "1313000000",
            "costofGoodsAndServicesSold": "1313000000",
            "operatingIncome": "275000000",
            "sellingGeneralAndAdministrative": "132000000",
            "researchAndDevelopment": "106000000",
            "operatingExpenses": "238000000",
            "investmentIncomeNet": "None",
            "netInterestIncome": "0",
            "interestIncome": "None",
            "interestExpense": "0",
            "nonInterestIncome": "None",
            "otherNonOperatingIncome": "None",
            "depreciation": "None",
            "depreciationAndAmortization": "340000000",
            "incomeBeforeTax": "265000000",
            "incomeTaxExpense": "28000000",
            "interestAndDebtExpense": "None",
            "netIncomeFromContinuingOperations": "237000000",
            "comprehensiveIncomeNetOfTax": "None",
            "ebit": "284000000",
            "ebitda": "624000000",
            "netIncome": "240000000"
        },
        {
            "fiscalDateEnding": "2023-03-31",
            "reportedCurrency": "USD",
            "grossProfit": "515000000",
            "totalRevenue": "1841000000",
            "costOfRevenue": "1326000000",
            "costofGoodsAndServicesSold": "1326000000",
            "operatingIncome": "290000000",
            "sellingGeneralAndAdministrative": "111000000",
            "researchAndDevelopment": "109000000",
            "operatingExpenses": "220000000",
            "investmentIncomeNet": "None",
            "netInterestIncome": "1000000",
            "interestIncome": "1000000",
            "interestExpense": "23000000",
            "nonInterestIncome": "None",
            "otherNonOperatingIncome": "None",
            "depreciation": "None",
            "depreciationAndAmortization": "353000000",
            "incomeBeforeTax": "277000000",
            "incomeTaxExpense": "23000000",
            "interestAndDebtExpense": "None",
            "netIncomeFromContinuingOperations": "254000000",
            "comprehensiveIncomeNetOfTax": "None",
            "ebit": "290000000",
            "ebitda": "643000000",
            "netIncome": "254000000"
        },
        {
            "fiscalDateEnding": "2022-12-31",
            "reportedCurrency": "USD",
            "grossProfit": "622000000",
            "totalRevenue": "2101000000",
            "costOfRevenue": "1479000000",
            "costofGoodsAndServicesSold": "1479000000",
            "operatingIncome": "288000000",
            "sellingGeneralAndAdministrative": "130000000",
            "researchAndDevelopment": "110000000",
            "operatingExpenses": "240000000",
            "investmentIncomeNet": "None",
            "netInterestIncome": "-2000000",
            "interestIncome": "None",
            "interestExpense": "2000000",
            "nonInterestIncome": "None",
            "otherNonOperatingIncome": "None",
            "depreciation": "None",
            "depreciationAndAmortization": "490000000",
            "incomeBeforeTax": "676000000",
            "incomeTaxExpense": "8000000",
            "interestAndDebtExpense": "None",
            "netIncomeFromContinuingOperations": "668000000",
            "comprehensiveIncomeNetOfTax": "None",
            "ebit": "288000000",
            "ebitda": "778000000",
            "netIncome": "668000000"
        },
        {
            "fiscalDateEnding": "2022-09-30",
            "reportedCurrency": "USD",
            "grossProfit": "610000000",
            "totalRevenue": "2074000000",
            "costOfRevenue": "1464000000",
            "costofGoodsAndServicesSold": "1464000000",
            "operatingIncome": "357000000",
            "sellingGeneralAndAdministrative": "129000000",
            "researchAndDevelopment": "124000000",
            "operatingExpenses": "253000000",
            "investmentIncomeNet": "None",
            "netInterestIncome": "-11000000",
            "interestIncome": "None",
            "interestExpense": "11000000",
            "nonInterestIncome": "None",
            "otherNonOperatingIncome": "None",
            "depreciation": "None",
            "depreciationAndAmortization": "404000000",
            "incomeBeforeTax": "355000000",
            "incomeTaxExpense": "19000000",
            "interestAndDebtExpense": "None",
            "netIncomeFromContinuingOperations": "336000000",
            "comprehensiveIncomeNetOfTax": "None",
            "ebit": "357000000",
            "ebitda": "761000000",
            "netIncome": "337000000"
        },
        {
            "fiscalDateEnding": "2022-06-30",
            "reportedCurrency": "USD",
            "grossProfit": "538000000",
            "totalRevenue": "1993000000",
            "costOfRevenue": "1455000000",
            "costofGoodsAndServicesSold": "1455000000",
            "operatingIncome": "297000000",
            "sellingGeneralAndAdministrative": "121000000",
            "researchAndDevelopment": "120000000",
            "operatingExpenses": "241000000",
            "investmentIncomeNet": "None",
            "netInterestIncome": "-19000000",
            "interestIncome": "None",
            "interestExpense": "19000000",
            "nonInterestIncome": "None",
            "otherNonOperatingIncome": "None",
            "depreciation": "None",
            "depreciationAndAmortization": "427000000",
            "incomeBeforeTax": "294000000",
            "incomeTaxExpense": "30000000",
            "interestAndDebtExpense": "None",
            "netIncomeFromContinuingOperations": "264000000",
            "comprehensiveIncomeNetOfTax": "None",
            "ebit": "297000000",
            "ebitda": "724000000",
            "netIncome": "264000000"
        },
        {
            "fiscalDateEnding": "2022-03-31",
            "reportedCurrency": "USD",
            "grossProfit": "469000000",
            "totalRevenue": "1940000000",
            "costOfRevenue": "1471000000",
            "costofGoodsAndServicesSold": "1471000000",
            "operatingIncome": "225000000",
            "sellingGeneralAndAdministrative": "116000000",
            "researchAndDevelopment": "128000000",
            "operatingExpenses": "244000000",
            "investmentIncomeNet": "None",
            "netInterestIncome": "-28000000",
            "interestIncome": "None",
            "interestExpense": "28000000",
            "nonInterestIncome": "None",
            "otherNonOperatingIncome": "None",
            "depreciation": "None",
            "depreciationAndAmortization": "418000000",
            "incomeBeforeTax": "207000000",
            "incomeTaxExpense": "29000000",
            "interestAndDebtExpense": "None",
            "netIncomeFromContinuingOperations": "178000000",
            "comprehensiveIncomeNetOfTax": "None",
            "ebit": "225000000",
            "ebitda": "643000000",
            "netIncome": "179000000"
        },
        {
            "fiscalDateEnding": "2021-12-31",
            "reportedCurrency": "USD",
            "grossProfit": "384000000",
            "totalRevenue": "1847000000",
            "costOfRevenue": "1463000000",
            "costofGoodsAndServicesSold": "1463000000",
            "operatingIncome": "87000000",
            "sellingGeneralAndAdministrative": "167000000",
            "researchAndDevelopment": "130000000",
            "operatingExpenses": "297000000",
            "investmentIncomeNet": "None",
            "netInterestIncome": "-26000000",
            "interestIncome": "None",
            "interestExpense": "26000000",
            "nonInterestIncome": "None",
            "otherNonOperatingIncome": "None",
            "depreciation": "None",
            "depreciationAndAmortization": "419000000",
            "incomeBeforeTax": "69000000",
            "incomeTaxExpense": "26000000",
            "interestAndDebtExpense": "None",
            "netIncomeFromContinuingOperations": "43000000",
            "comprehensiveIncomeNetOfTax": "None",
            "ebit": "95000000",
            "ebitda": "514000000",
            "netIncome": "43000000"
        },
        {
            "fiscalDateEnding": "2021-09-30",
            "reportedCurrency": "USD",
            "grossProfit": "300000000",
            "totalRevenue": "1700000000",
            "costOfRevenue": "1400000000",
            "costofGoodsAndServicesSold": "1400000000",
            "operatingIncome": "52000000",
            "sellingGeneralAndAdministrative": "134000000",
            "researchAndDevelopment": "114000000",
            "operatingExpenses": "248000000",
            "investmentIncomeNet": "None",
            "netInterestIncome": "-27000000",
            "interestIncome": "None",
            "interestExpense": "27000000",
            "nonInterestIncome": "None",
            "otherNonOperatingIncome": "None",
            "depreciation": "None",
            "depreciationAndAmortization": "415000000",
            "incomeBeforeTax": "27000000",
            "incomeTaxExpense": "22000000",
            "interestAndDebtExpense": "None",
            "netIncomeFromContinuingOperations": "5000000",
            "comprehensiveIncomeNetOfTax": "None",
            "ebit": "54000000",
            "ebitda": "469000000",
            "netIncome": "5000000"
        },
        {
            "fiscalDateEnding": "2021-06-30",
            "reportedCurrency": "USD",
            "grossProfit": "231000000",
            "totalRevenue": "1620000000",
            "costOfRevenue": "1389000000",
            "costofGoodsAndServicesSold": "1389000000",
            "operatingIncome": "-103000000",
            "sellingGeneralAndAdministrative": "202289000",
            "researchAndDevelopment": "132000000",
            "operatingExpenses": "334000000",
            "investmentIncomeNet": "None",
            "netInterestIncome": "-27048000",
            "interestIncome": "None",
            "interestExpense": "28000000",
            "nonInterestIncome": "None",
            "otherNonOperatingIncome": "None",
            "depreciation": "None",
            "depreciationAndAmortization": "408000000",
            "incomeBeforeTax": "-154000000",
            "incomeTaxExpense": "20000000",
            "interestAndDebtExpense": "None",
            "netIncomeFromContinuingOperations": "-174218000",
            "comprehensiveIncomeNetOfTax": "None",
            "ebit": "-126000000",
            "ebitda": "282000000",
            "netIncome": "-173000000"
        },
        {
            "fiscalDateEnding": "2021-03-31",
            "reportedCurrency": "USD",
            "grossProfit": "99000000",
            "totalRevenue": "1418000000",
            "costOfRevenue": "1319000000",
            "costofGoodsAndServicesSold": "1319000000",
            "operatingIncome": "-95000000",
            "sellingGeneralAndAdministrative": "91000000",
            "researchAndDevelopment": "103000000",
            "operatingExpenses": "194000000",
            "investmentIncomeNet": "None",
            "netInterestIncome": "-28000000",
            "interestIncome": "None",
            "interestExpense": "28000000",
            "nonInterestIncome": "None",
            "otherNonOperatingIncome": "None",
            "depreciation": "None",
            "depreciationAndAmortization": "377000000",
            "incomeBeforeTax": "-116000000",
            "incomeTaxExpense": "11000000",
            "interestAndDebtExpense": "None",
            "netIncomeFromContinuingOperations": "-127000000",
            "comprehensiveIncomeNetOfTax": "None",
            "ebit": "-88000000",
            "ebitda": "289000000",
            "netIncome": "-126000000"
        },
        {
            "fiscalDateEnding": "2020-12-31",
            "reportedCurrency": "USD",
            "grossProfit": "-218095000",
            "totalRevenue": "1062022000",
            "costOfRevenue": "1280117000",
            "costofGoodsAndServicesSold": "1280117000",
            "operatingIncome": "-490920000",
            "sellingGeneralAndAdministrative": "20918000",
            "researchAndDevelopment": "115524000",
            "operatingExpenses": "251825000",
            "investmentIncomeNet": "None",
            "netInterestIncome": "-37229000",
            "interestIncome": "None",
            "interestExpense": "16328000",
            "nonInterestIncome": "None",
            "otherNonOperatingIncome": "None",
            "depreciation": "None",
            "depreciationAndAmortization": "625951000",
            "incomeBeforeTax": "-516119000",
            "incomeTaxExpense": "8128000",
            "interestAndDebtExpense": "None",
            "netIncomeFromContinuingOperations": "-524247000",
            "comprehensiveIncomeNetOfTax": "None",
            "ebit": "-499791000",
            "ebitda": "126160000",
            "netIncome": "-522275000"
        },
        {
            "fiscalDateEnding": "2020-09-30",
            "reportedCurrency": "USD",
            "grossProfit": "-134000000",
            "totalRevenue": "1091000000",
            "costOfRevenue": "1225000000",
            "costofGoodsAndServicesSold": "1225000000",
            "operatingIncome": "-350000000",
            "sellingGeneralAndAdministrative": "99000000",
            "researchAndDevelopment": "117000000",
            "operatingExpenses": "216000000",
            "investmentIncomeNet": "None",
            "netInterestIncome": "-34000000",
            "interestIncome": "None",
            "interestExpense": "34000000",
            "nonInterestIncome": "None",
            "otherNonOperatingIncome": "None",
            "depreciation": "None",
            "depreciationAndAmortization": "612000000",
            "incomeBeforeTax": "-349000000",
            "incomeTaxExpense": "-56000000",
            "interestAndDebtExpense": "None",
            "netIncomeFromContinuingOperations": "-293000000",
            "comprehensiveIncomeNetOfTax": "None",
            "ebit": "-315000000",
            "ebitda": "297000000",
            "netIncome": "-293000000"
        }
    ]
}